1170 2248
325 58 783 102 FRAGMENTA.
968 79 1034 113 127

42 101 160 157 gistris
184 105 335 142 vivendi
354 132 366 151 ‚
402 115 506 150 quam
533 109 743 155 plerisque,
778 112 837 154 qui
857 111 893 147 in
913 122 955 148 ea
973 114 1028 148 di-

42 147 214 194 sputanda
232 151 429 187 versantur.
456 151 578 188 Video
600 155 697 189 enim
719 166 877 201 magnam
889 166 1028 201 partem

43 205 194 245 eorum,
221 195 282 239 qui
312 195 349 229 in
369 195 494 231 schola
513 195 558 232 de
577 197 719 241 pudore
741 196 778 234 ἅ
798 202 1027 251 continentia

41 238 254 282 praecipmnt
285 241 499 284 argutissime
519 266 532 285 ‚
569 241 716 278 eosdem
743 244 781 279 iu
800 245 962 281 omnium
981 247 1026 282 h-

38 282 200 318 bidinum
220 284 479 328 cupiditatibus
497 286 633 322 vivere.

35 370 486 427 M.TULLII
527 375 1023 434 CICERONIS

113 470 223 523 An
264 470 500 524 CORN.
543 473 946 531 NEPOTEM.

238 569 573 639 Epistolarum
597 573 716 625 Lib.
742 576 817 626 II.

32 678 169 746 Itaque
195 677 339 724 nostri,
375 692 483 724 quum
512 682 656 728 omnia,
684 695 761 727 quae
787 684 1017 733 dixissemus,
1055 688 1060 694 “

84 723 176 758 dieta
195 724 326 759 ess'ent:
353 737 430 769 quae
449 726 566 761 facete
589 724 626 761 &
645 729 827 776 breviter,
853 729 891 766 &
912 742 1017 767 acute

29 766 146 802 locuti
174 768 324 804 ess'emus
353 795 366 815 ,
411 781 452 805 ea
476 771 632 815 proprio
661 774 810 810 nomine
839 776 1016 820 appellari

28 815 116 848 dida
135 813 346 849 voluerunt.

242 907 300 939 Ad
315 909 469 950 eundem,
495 920 532 942 ex
551 911 636 943 libro
655 914 786 945 incerto.

30 1033 55 1070 d
75 989 163 1042 Hoc
181 990 357 1028 restiterat
377 993 480 1029 etiam
501 1021 513 1039 ,
539 1005 579 1031 ut
597 1008 616 1032 a
634 1006 669 1032 te
690 996 781 1033 fietis
801 998 1014 1045 aggrederer

57 1046 151 1071 OsslS·

74 1080 149 1129 Qui
177 1082 281 1118 habet
299 1108 310 1128 ,
347 1083 445 1119 ultro
465 1086 668 1128 appetitur:
696 1086 757 1131 qui
778 1085 829 1123 cst
848 1100 1008 1136 pauper,

29 1122 248 1168 aspernatur.

72 1168 208 1217 Quid?
243 1181 426 1207 oratorum
455 1183 560 1215 quem
597 1174 682 1210 huic
709 1186 915 1221 antepones
943 1189 1008 1214 eo-

26 1222 102 1247 rum
124 1240 137 1257 ‚
172 1215 231 1257 qui
260 1216 351 1250 nihil
379 1217 476 1252 aliud
495 1229 648 1262 egerunt
668 1220 685 1254 ’.ἲ
721 1223 799 1263 quis
818 1221 1010 1258 sententiis

21 1266 85 1291 aut
103 1260 241 1294 acutior
255 1286 266 1304 ‚
287 1270 346 1295 aut
373 1263 563 1297 crebrior?
589 1263 669 1305 quis
689 1265 808 1300 verbis
827 1276 885 1300 aut
905 1278 1010 1303 orna-

26 1301 120 1345 tior,
139 1312 197 1336 aut
216 1304 448 1349 elegantior?
473 1312 558 1341 Suet.
580 1312 656 1350 Caes:
678 1320 732 1353 55.

70 1345 123 1381 Ut
140 1346 284 1382 Tullius
305 1347 439 1393 docet,
466 1350 693 1388 crudelitatis
713 1353 904 1398 increpans
926 1354 1005 1391 Cae-

22 1387 132 1424 sarem
161 1391 197 1425 in
226 1392 372 1434 quadam
391 1394 432 1429 ad
453 1393 641 1438 Nepotem
663 1396 828 1441 epistola.
871 1398 1006 1443 Neque

23 1433 120 1468 enim
149 1435 341 1479 quidquam
368 1438 463 1472 aliud
500 1438 550 1473 est
569 1440 746 1487 felicitas,
773 1443 912 1488 inquit,
941 1444 1007 1481 nifi

21 1476 248 1514 honestarum
268 1491 382 1515 rernm
402 1482 634 1525 prosperitas.
660 1486 752 1530 Vel,
779 1497 818 1521 ut
836 1488 910 1523 alio
928 1500 1007 1524 mo·

22 1519 72 1557 do
92 1522 274 1568 definiam,
289 1524 458 1561 Felicitas
479 1526 528 1562 est
547 1529 693 1564 fortuna
711 1532 869 1574 adjutrix
889 1532 1006 1568 confi-

21 1564 154 1600 liorum
181 1568 384 1603 bonorum:
411 1572 538 1613 quibus
568 1573 627 1614 qui
657 1586 729 1611 non
749 1575 884 1621 utitur,
909 1577 1006 1614 felix

22 1610 126 1645 nullo
145 1614 250 1654 padi-0
272 1613 340 1648 effe
360 1613 492 1656 potest.
528 1617 627 1662 Ergo
646 1619 683 1653 in
704 1619 856 1663 perditis
877 1621 1006 1665 inpiis-

22 1657 91 1696 que
111 1655 295 1701 consiliis,
317 1659 444 1700 quibus
466 1659 581 1695 Caesar
599 1661 679 1698 usus
700 1673 794 1708 erat,
809 1665 908 1700 nulla
932 1677 1002 1709 po-

24 1698 94 1732 tuit
121 1699 189 1734 effe
217 1700 387 1737 felicitas.
421 1703 644 1748 feliciorque
674 1708 914 1752 meoiudicio
935 1710 1002 1746 Ca-

21 1742 142 1778 millus
162 1743 349 1792 exsulans,
378 1758 479 1790 quam
501 1753 725 1793 temporibus
747 1752 871 1788 iisdem
892 1755 1000 1790 Man-

20 1785 121 1864 nqis’
156 1789 289 1825 etiamsi
309 1815 321 1835 ‚
357 1791 394 1826 id
423 1792 522 1835 quod
551 1796 736 1841 cupierat,
762 1808 911 1842 regnare
931 1809 1000 1842 po-

21 1839 72 1865 tin
104 1840 154 1865 et.
999 1852 1002 1859 ·

69 1874 157 1909 Ilaec
185 1876 324 1919 quidam
344 1887 504 1915 veterum
523 1882 782 1928 formidantes,
809 1886 998 1930 cognitio-

21 1929 85 1954 nes
115 1921 251 1954 ac⁶¹uum
281 1922 456 1958 variorum
476 1950 488 1968 ‚
525 1924 620 1971 stylis
648 1929 815 1964 uberibus
836 1930 1000 1973 explica-

23 1971 96 2007 tas,
124 1975 198 1998 non
227 1964 374 2000 edidere
403 1966 631 2013 superstites,
658 1982 697 2006 ut
724 1973 759 2007 in
788 1973 934 2016 quadam
954 1975 998 2010 ad

23 2005 235 2043 Cornelium
262 2008 449 2053 Nepotem
487 2013 641 2054 epistola
676 2015 820 2054 Tullius
847 2029 996 2062 quoque

23 2050 119 2090 testis
139 2053 357 2092 reverendus
377 2055 548 2095 adfirmat.

35 2107 59 2123 ῑι,

910 2107 1002 2144 Sen-
