1170 2248
134 92 180 127 16
369 81 630 120 Conmznn
660 79 892 118 Nmons

128 135 232 178 cujus
250 129 513 169 materfamilias
534 140 608 164 non
628 128 780 172 primum
806 128 867 164 loc
896 138 928 162 m
953 133 1056 164 tenet
1075 138 1122 164 ae-

131 178 229 214 dium
242 205 254 223 ,
280 187 387 220 atque
407 175 443 209 in
463 174 673 209 celebritate
699 172 881 208 versatur.
912 173 1013 217 quod
1031 175 1124 210 mul·

129 232 172 259 to
194 223 232 257 fit
250 222 356 257 aliter
373 220 409 254 in
432 219 592 256 Graecia:
619 230 695 254 nam
716 228 835 261 neque
854 218 890 253 in
911 218 1122 253 convivium

130 267 346 310 adhibetur,
373 263 436 299 nisi
455 264 765 308 propinquorum:
794 273 914 305 neque
933 262 1035 298 sedet
1055 262 1123 298 nili

127 311 168 347 in
189 310 364 346 interiore
384 319 484 353 parte
504 308 655 353 aedimn,
682 319 760 351 quae
775 313 981 352 gvnieconitis
998 308 1126 351 appel-

126 357 245 401 latur,
272 366 346 398 quo
366 365 474 389 nemo
494 352 659 398 accedit,
682 350 747 388 nisi
765 353 972 396 propinqua
990 363 1125 398 cogna-

129 398 234 436 tione
256 400 485 444 conjunetus.
534 397 605 434 Sed
624 399 727 442 plura
751 397 919 441 persequi
950 407 1024 431 tum
1051 407 1126 431 ma-

129 445 286 492 gnitudo
305 443 505 480 voluminis
524 444 717 488 prohibet,
754 453 828 478 tum
848 441 1058 487 festinatio,
1087 450 1128 477 ut

130 502 174 526 ca
194 489 377 534 explicem
390 516 402 534 ,
430 500 507 532 quze
532 488 682 524 exorsus
703 488 789 523 sum.
833 486 956 536 Quare
977 487 1019 522 ad
1039 496 1126 529 pro-

126 534 283 579 pofitum
303 535 494 570 veniemus
513 559 525 578 ‚
561 531 600 569 ἅ,
626 533 663 568 in
683 533 757 568 hoc
778 543 1007 578 exponemus
1027 531 1126 568 libro

128 580 176 617 de
195 580 268 616 vita
284 585 503 616 excellentium
521 584 772 625 lamet-acorum.

177 649 227 732 ’1.
291 666 1072 732 MILTIADES.

515 760 597 810 C‘A
623 785 658 811 Ρ.
708 774 740 811 1.

231 836 527 875 ILTIADES
554 835 818 873 CIMONIS
845 834 1048 872 FILIUS
1072 833 1126 871 A·

124 911 132 922 .
232 884 353 920 THE
364 883 401 918 N
414 883 429 918 l
441 883 472 918 E
482 881 550 917 NS
563 882 577 916 1
588 884 608 917 S
621 908 632 926 ,
663 893 743 916 cum
771 879 809 916 δε
829 882 1043 924 antiquitate
1063 892 1125 926 ge-

130 929 252 974 neris,
279 926 316 964 &
336 927 454 974 gloria
470 927 641 970 majorum
653 952 665 971 ,
688 924 725 962 δε
746 925 805 961 sua
823 924 1020 969 modestia,
1032 935 1126 960 unus

132 975 296 1011 omnium
315 972 467 1007 maxime
486 971 661 1014 ssoreret3
687 981 798 1013 eaque
818 969 907 1005 css'ct
927 979 1030 1005 aetate
1044 995 1056 1014 ,
1084 980 1126 1004 ut

131 1031 209 1055 non
238 1019 306 1062 jam
333 1017 450 1052 solum
477 1015 524 1051 de
553 1027 600 1050 eo
619 1017 714 1050 bene
733 1016 898 1059 sperare,
933 1013 997 1050 sed
1017 1014 1128 1050 etiam

132 1062 323 1100 confi'dcre
349 1062 447 1096 cives
493 1059 611 1096 oss'ent
628 1059 702 1105 sui,
718 1061 826 1094 talem
844 1058 1004 1094 suun-um
1016 1085 1028 1103 ,
1042 1070 1127 1102 qua-

129 1109 202 1145 lem
223 1107 408 1153 cognitum
428 1106 466 1150 ju
496 1106 654 1140 icarunt:
681 1104 835 1149 accidit,
861 1114 902 1138 ut
920 1103 1131 1139 Athenien·

130 1153 188 1189 ses
207 1150 471 1188 Chersonesum
498 1150 657 1186 colonos
677 1150 821 1184 vellent
840 1149 1000 1184 mittere.
1051 1147 1127 1184 Cu-

128 1199 186 1244 jus
206 1195 348 1243 generis
370 1207 477 1238 quum
498 1206 644 1241 magnus
665 1204 832 1229 numerus
852 1193 962 1237 ess'et,
975 1190 1012 1229 δε
1032 1193 1126 1228 mul-

130 1243 161 1278 ti
181 1243 258 1286 ejus
278 1240 550 1285 demigrationis
570 1249 742 1283 peterent
759 1238 1051 1274 societate111:ex
1069 1238 1128 1273 his

131 1286 270 1322 delecti
289 1285 458 1328 Delphos
476 1284 713 1320 deliberatum
732 1283 817 1318 miffi
837 1281 940 1327 sunt,
953 1283 1016 1326 qui
1034 1293 1126 1318 con·

128 1331 293 1368 sulerent
318 1329 557 1373 Apollinem,
591 1339 665 1372 quo
690 1327 908 1373 potissimum
929 1327 1023 1363 duce
1042 1337 1129 1363 nte-

132 1385 272 1412 rentur.
320 1374 414 1410 Nam
441 1383 516 1409 tum
542 1373 700 1409 Thraces
728 1384 786 1408 eas
818 1371 990 1417 regiones
1019 1381 1128 1407 tene-

131 1422 244 1465 bant,
271 1429 350 1454 cum
371 1419 502 1462 quibus
521 1418 625 1453 armis
654 1427 727 1454 erat
745 1417 1002 1452 dimicandum.
1051 1416 1127 1452 His

130 1463 409 1501 consulentibus
443 1463 656 1498 nominatim
688 1462 814 1498 Pvthia
840 1462 1016 1505 praecepit
1034 1486 1046 1503 ‚
1082 1470 1126 1497 ut

130 1508 339 1546 Miltiadem
358 1506 421 1543 fibi
440 1508 697 1551 imperatorem
717 1502 912 1543 sumerent.
962 1505 1004 1542 Id
1023 1505 1048 1541 fi
1067 1505 1124 1541 fe-

130 1555 281 1597 ciss'ent,
308 1553 458 1596 incepta
483 1552 654 1596 prospera
679 1552 814 1587 futura.
864 1551 952 1598 ῌοο
980 1550 1124 1586 oraculi

130 1598 306 1643 responso
318 1596 507 1632 Miltiades
519 1607 599 1632 cum
611 1596 752 1632 delecta
769 1607 874 1630 manu
892 1595 996 1631 classe
1009 1593 1123 1630 Cher-

128 1642 295 1680 sonesum
321 1642 534 1686 pro-scetus,
561 1653 669 1685 quum
696 1640 890 1676 accessisset
918 1639 1122 1684 Lemnum,

132 1687 330 1725 &incolas
359 1688 438 1730 ejus
466 1686 589 1722 iusulae
615 1685 679 1720 sub
706 1684 924 1729 potestatem
951 1683 1122 1730 redigere

130 1733 249 1768 vellet
266 1730 564 1777 Atheniensium,
592 1730 704 1774 idque
730 1729 876 1765 Lemnii
904 1728 965 1764 sua
982 1727 1121 1772 sponte

128 1777 316 1821 facerent,
353 1774 560 1819 postulasset
579 1802 591 1821 ‚
625 1774 683 1810 illi
702 1774 899 1810 irridentes
918 1772 1120 1818 responde-

132 1831 234 1858 runt:
263 1830 339 1856 tum
358 1820 393 1854 id
413 1820 448 1855 se
468 1821 649 1865 (aeluros,
677 1831 786 1863 qutun
806 1819 871 1854 ille
891 1817 1003 1853 domo
1022 1817 1121 1852 navi·

129 1868 198 1903 bus
226 1864 461 1910 proficiscens
488 1875 602 1901 vento
627 1864 800 1908 aquilone
831 1862 986 1898 venisset
1011 1862 1120 1897 Lem-

133 1922 240 1947 num:
271 1911 318 1945 iic
338 1909 434 1945 enim
451 1919 580 1944 ventus
601 1921 619 1944 a
638 1909 674 1944 se
689 1908 949 1944 'tenti-ionibus
969 1907 1115 1950 oriens,

131 1956 242 1991 adver
260 1966 317 1990 um
337 1964 421 1989 tene
529 1965 620 1989 ienis
648 1965 716 1998 pro
735 1965 778 1988 ici
799 1953 977 1989 cennbus.
1026 1947 1120 1985 lihi-

130 2009 180 2035 tia
209 2010 245 2034 es
265 1999 585 2043 moiamitempus
613 2010 622 2032 ι
738 2008 869 2041 aiens,
927 2007 938 2031 ι
977 2006 1035 2030 um
1063 1993 1119 2029 di-

131 2044 230 2085 rexit
248 2055 322 2093 quo
341 2042 535 2094 tendebat,
568 2043 813 2094 pervenitque
832 2039 1114 2085 Chersonesum.

1001 2127 1038 2171 c
1048 2137 1129 2170 n·
