1170 2248
131 75 176 122 78
370 71 639 109 Coumztu
661 67 892 106 Navoa-1³
1069 110 1093 112 Ἣ

134 129 285 165 eamque
303 118 405 162 prius
423 117 666 161 depopulatus
686 113 760 160 est,
797 125 899 159 quam
918 111 1123 157 Tiffaphcru

134 177 202 201 nes
221 165 368 208 usquam
387 162 422 198 se
443 170 621 198 moveret.
655 160 791 204 Magna
808 158 927 203 praeda
944 157 1122 193 militibus

132 208 394 253 locupletatis,
429 205 611 250 Ephesum
636 205 828 240 hiematum
848 203 1048 238 exercitum
1069 212 1126 236 rc-

135 254 272 290 duxit:
306 262 412 296 atque
449 251 500 286 ibi
528 249 684 286 officinis
713 259 889 284 armorum
916 245 1090 282 institutis
1108 270 1123 290 ‚

134 309 263 344 magna
280 295 456 332 industria
472 295 609 331 bellum
627 293 826 338 apparavit.
854 290 891 327 &
905 303 977 335 quo
988 289 1126 325 studio-

135 342 208 380 fius
229 350 474 386 armarentur,
500 339 748 385 insigniusque
769 345 1007 380 ornarentur,
1034 345 1124 377 prae-

134 388 208 424 mia
227 385 421 431 proposuit
440 411 453 430 ‚
489 385 618 428 quibus
637 383 880 424 donarentur,
917 390 1070 423 quorum
1089 389 1127 413 e-

134 433 260 478 gregia
283 432 321 466 iu
351 441 391 466 ea
419 440 457 465 re
475 428 597 464 fuiss'et
614 426 799 463 industria.
849 425 956 462 Fecit
973 423 1068 459 idem
1088 423 1126 458 in

134 476 443 513 exercitationum
488 473 683 519 generibus
711 498 723 518 ‚
767 480 809 506 ut
827 495 839 516 ‚
887 468 948 513 qui
991 467 1127 503 ceteris

136 520 385 565 praestitissent
404 545 417 564 ,
462 529 527 555 cos
556 518 691 563 magnis
720 515 879 552 afficeret
904 512 1125 549 muneribus.

136 566 210 603 His
239 565 351 611 igitur
377 565 485 599 rebus
507 563 632 598 effecit
650 588 662 607 ,
696 570 738 596 ut
756 558 793 595 &
813 558 1068 596 ornatissimum
1086 554 1126 592 ὃς

136 610 466 648 exercitatiffimum
484 607 633 644 haberet
652 605 865 642 exercitum.
899 602 998 638 Huic
1018 611 1128 645 quum

135 665 281 699 tempus
301 654 388 690 esset
405 653 518 688 visum
537 677 550 697 ,
585 652 710 694 copias
732 650 921 685 extrahere
942 657 989 683 ex
1007 647 1128 681 hiber-

137 699 298 737 naculis:
316 697 430 742 vidit,
451 696 500 742 fi,
523 708 596 739 quo
618 695 706 731 effct
725 694 796 729 iter
814 693 991 736 sac'turus,
1009 691 1127 734 palam

135 742 423 789 pronuntiasset,
465 739 586 777 hostes
607 751 685 776 non
705 737 933 782 credituros,
968 736 1127 778 aliasque

134 788 307 834 regiones
327 784 502 832 praefidiis
522 793 765 828 occupaturos
778 809 790 828 ‚
811 792 880 817 nec
900 780 1127 816 dubitaturos

136 832 238 869 aliud
266 832 336 868 esse
365 832 541 868 fac‘turum
561 855 574 875 ‚
606 840 646 864 ac
676 825 950 872 pronuntiasset.
1001 824 1127 868 Itaque

138 888 249 922 quum
268 877 333 912 ille
363 875 479 911 Sardis
506 875 639 909 iturum
666 873 702 908 se
723 870 889 950 ᾶὶξὲῖεῑ,
925 869 1129 914 Tissapher-

137 933 205 958 nes
233 921 385 957 eandem
413 919 552 955 Cariam
579 915 764 953 defenden
813 927 847 950 m
874 915 1026 959 putavit.
1084 913 1127 948 In

138 978 215 1010 quo
238 977 347 1009 quum
366 975 447 1000 cum
465 963 600 1007 opinio
620 960 808 997 fefellisset
815 987 830 1011 7
865 960 1070 1001 vitrumque
1092 957 1128 992 se

135 1011 282 1047 vidisset
299 1008 454 1046 confilio
466 1035 477 1054 ‚
491 1008 572 1043 sero
591 1005 666 1042 suis
686 1003 851 1050 praesnho
864 1004 1050 1048 profectus
1063 1000 1127 1038 est.

136 1067 217 1091 nam
239 1066 346 1098 quum
366 1054 436 1089 illo
455 1052 629 1096 venisset,
667 1051 738 1095 jam
756 1048 967 1096 Agesilaus,
1001 1047 1125 1082 multis

136 1099 232 1136 locis
263 1098 481 1145 expugnatis
501 1123 514 1142 ‚
557 1106 682 1142 magna
717 1104 793 1131 erat
829 1092 949 1139 praeda
967 1092 1126 1136 potitus.

137 1143 238 1180 Laco
259 1154 398 1188 autem,
413 1153 520 1186 quum
539 1140 680 1176 videret
699 1139 820 1175 hostes
841 1138 1004 1182 equitatu
1023 1135 1130 1180 supe-

136 1199 212 1224 rare
231 1215 244 1240 2
279 1199 461 1231 nunquam
489 1187 527 1222 in
556 1196 684 1229 campo
704 1184 759 1219 sui
777 1183 869 1219 fecit
889 1180 1129 1226 potestatem,

138 1231 177 1270 ἃ,
203 1234 259 1268 lus
289 1233 384 1269 locis
405 1242 546 1267 manum
565 1230 753 1267 conseruit
767 1254 780 1274 ‚
815 1227 943 1271 quibus
963 1226 1044 1270 plus
1064 1235 1130 1268 pe·

141 1276 279 1313 destres
290 1277 407 1321 copiae
427 1277 605 1312 valerent.
656 1273 805 1316 Pepulit
826 1283 938 1318 ergo,
967 1268 1130 1313 quoties-

136 1332 280 1365 cunque
311 1321 518 1366 congress'us
539 1318 591 1355 est
609 1345 621 1364 ‚
657 1318 774 1353 multo
793 1317 946 1360 majores
966 1313 1131 1349 adversa·

137 1366 278 1402 riorum
307 1367 433 1409 copias
453 1391 465 1410 ‚
502 1362 539 1400 ἃ,
567 1363 616 1399 fic
635 1362 675 1398 iu
696 1360 779 1397 Afia
794 1359 950 1396 versatus
971 1357 1022 1394 est
1040 1384 1053 1404 ‚
1088 1366 1131 1394 ut

139 1411 304 1448 omnium
323 1410 505 1455 opinione
504 1409 650 1488 evictor
667 1406 874 1486 dillcxeretur.

560 1465 585 1487 A
611 1463 646 1488 P.
760 1475 772 1486 .

137 1499 221 1573 H
233 1500 266 1536 ic
285 1509 394 1544 quum
410 1499 479 1543 jam
497 1498 617 1533 animo
637 1495 871 1532 meditaretur
886 1492 1072 1539 proficisci
1093 1493 1134 1529 in

233 1545 376 1590 Persas,
411 1542 448 1580 ἃ
468 1542 583 1587 ipsum
602 1552 723 1585 regem
743 1540 901 1584 adoriri,
926 1538 1074 1574 nuntius
1094 1537 1132 1572 ei

137 1591 251 1628 domo
262 1591 364 1625 venit
383 1590 559 1632 ephorum
575 1585 830 1630 miss'u‚bellun1
839 1582 1080 1620 Athenienses
1092 1578 1132 1618 δε

135 1635 305 1672 Boeotios
334 1633 502 1669 indixiffe
524 1629 813 1667 Lacedaemoniis
833 1641 842 1664 ε
877 1638 986 1671 quare
1004 1625 1130 1661 venire

139 1691 217 1716 non
237 1677 432 1713 dubitaret.
483 1676 525 1712 In
544 1677 615 1712 hoc
639 1686 716 1710 non
735 1674 852 1708 minus
875 1673 992 1718 [eJus]
1012 1671 1129 1715 pietas

135 1722 365 1767 suspicienda
384 1720 457 1766 est,
493 1731 595 1764 quam
614 1720 728 1754 virtus
747 1717 904 1753 bellica:
940 1715 1002 1760 qui
1021 1725 1132 1758 quum

137 1767 270 1804 vic⁶tori
289 1766 453 1811 praeess‘et
471 1764 675 1808 exercitui,
704 1762 960 1805 maximamque
980 1760 1130 1796 haberet

137 1812 306 1848 fiduciam
332 1811 436 1856 regni
454 1808 636 1845 Persarum
655 1806 851 1852 potiundi,
887 1814 984 1842 tauta
1001 1803 1130 1840 mode-

138 1855 205 1892 stia
227 1856 326 1892 dieto
345 1854 497 1891 audiens
519 1853 594 1889 fuit
611 1853 706 1898 juffis
726 1850 930 1887 absentium
951 1847 1129 1895 magistra-

139 1911 240 1937 tuum
259 1926 271 1946 ,
306 1909 348 1935 ut
374 1898 399 1936 fi
428 1900 586 1944 privatus
617 1898 655 1934 in
685 1895 838 1933 comitio
866 1895 954 1931 effet
979 1895 1135 1936 Spartae..

138 1947 242 1989 cujus
273 1944 482 1989 exemplum
510 1944 646 1978 utinam
673 1941 912 1986 imperatores
940 1937 1053 1975 nostri
1069 1937 1126 1973 se-

138 1990 201 2033 qui
220 1988 434 2025 voluissent!
459 1987 523 2023 sed
540 1987 631 2022 illuc
651 1985 850 2022 redeamus.
876 1981 1063 2030 Agefilaus
1084 1993 1126 2017 o-

137 2033 381 2085 pulentissimo
418 2043 533 2078 regno
567 2029 765 2076 proeposuit
790 2030 921 2065 bonam
950 2025 1130 2064 existima-

139 2088 301 2126 uonm,
327 2078 517 2124 multoque
536 2074 730 2125 gloriofius
749 2073 882 2122 duxit,
894 2071 933 2113 'fi
953 2069 1128 2114 institutis
