1170 2248
126 89 195 119 100
374 73 637 158 Conrknzn
659 73 892 157 §Rama-1³

125 170 197 241 N
210 178 263 204 am
283 175 325 203 ut
346 168 509 219 omittam
529 133 758 218 P⁴¹liillippunr²
783 176 889 218 quein
907 165 974 202 abs
970 177 1033 218 ens
1051 165 1123 203 ho·
1169 159 1170 171 ¹

223 211 311 248 stem
345 211 510 248 reddidlt
533 211 711 247 Romams
723 237 735 255 ‚
763 221 923 246 omnium
949 212 1004 246 his
1029 221 1121 246 tem-

72 268 82 276 ⁷
127 258 281 303 poribus
300 256 564 300 potentiffimus
584 254 671 291 Rex
689 254 898 290 Antiochus
910 254 993 290 fuit.
1008 255 1121 290 Hunc

127 312 230 339 tanta
259 301 457 345 cupiditate
487 299 654 336 incendit
682 299 869 344 bellandi,
893 309 935 335 ut
962 299 1074 343 usque
1102 309 1123 334 a

125 348 238 384 rubro
265 346 352 382 mari
381 356 472 381 arma
503 354 653 381 conatus
680 342 724 379 fit
751 344 887 379 inferre
915 344 1042 379 Italiae.
1077 342 1123 379 ad

129 403 238 436 quem
257 402 365 435 qutun
385 390 499 437 legati
528 388 710 425 venissent
727 387 910 433 Romani,
937 388 1001 432 qui
1021 388 1066 423 tle
1087 398 1126 422 e-

129 438 188 482 jus
221 437 411 471 voluntate
447 435 708 478 explorarent,
747 433 944 476 darentque
978 442 1127 476 operam

127 480 294 517 consiliis
322 478 578 524 clandestinis,
604 488 646 513 ut
678 477 920 513 Hannibalem
949 477 986 513 in
1014 476 1126 521 suspi-

130 527 277 571 cionem
307 525 386 567 regi
405 524 653 568 adducerent,
681 532 845 565 tanquam
863 522 904 557 ab
924 520 1008 566 ipsis
1043 530 1127 557 cor-

132 580 302 615 ruptum,
327 570 398 605 alia
417 579 523 611 atque
543 579 649 604 antea
669 567 827 602 sentire:
855 577 973 610 neque
995 564 1032 600 id
1051 566 1126 601 fru-

129 614 199 651 stra
225 615 416 659 fecissent,
443 614 553 657 idque
582 612 766 648 Hannibal
794 609 1046 655 comperisset,
1072 609 1127 646 se-

131 670 202 705 que
230 660 272 694 ab
292 658 531 695 interioribus
561 656 725 693 confiliis
754 655 933 707 segregari
960 654 1124 690 vidisset:

130 713 302 748 tempore
322 703 406 739 dato
427 702 517 738 adiit
535 701 580 736 acl
600 712 745 747 regem,
773 712 879 743 elque
901 710 1007 743 quum
1035 700 1128 735 mul-

132 759 168 785 ta
187 748 232 783 de
250 747 323 783 fide
342 747 404 783 sua
433 745 469 782 ἃ
496 745 587 781 odio
616 746 655 780 in
683 744 873 781 Romanos
903 755 1127 780 commemo-

132 793 263 837 rasset‚'
283 793 356 827 hoc
383 791 573 836 adenxit:
599 789 726 835 Pater,
754 789 894 833 inquit,
922 800 1022 824 meus
1049 787 1128 823 Ha-

133 838 264 874 milcar
280 837 436 880 puerulo
455 847 536 880 me,
561 843 692 877 utpote
713 845 788 869 non
814 833 964 877 amplius
993 843 1129 868 novem

133 893 250 917 annos
269 891 380 926 nato,
393 881 430 915 in
453 879 663 923 Hispaniam
677 876 1126 922 imperatos-proficiscens

134 925 378 971 Karthagine,
405 924 487 968 Jovi
507 924 649 967 optimo
670 923 828 958 maximo
847 920 981 957 hostias
1000 922 1129 957 immo-

135 971 238 1007 lavit.
283 970 376 1019 Quae
393 969 519 1004 divina
537 980 594 1003 res
615 967 698 1002 dum
719 966 1004 1010 conficiebatur,
1033 977 1128 1009 quat-

135 1014 218 1050 fivit
238 1026 256 1050 a
282 1026 363 1060 me,
389 1013 539 1049 ‘fellemne
559 1018 666 1057 ficum
691 1018 724 1047 in
750 1014 854 1053 castra
901 1014 1060 1056 roficifii?
1085 1008 1130 1046 Id

137 1071 246 1103 quum
275 1060 437 1094 libenter
463 1056 697 1101 accepiss'mi,
723 1066 831 1100 atque
860 1067 902 1090 a)
930 1066 976 1093 eo
1002 1064 1130 1099 petere

139 1103 320 1148 coepiss'em
333 1130 344 1148 ‚
359 1114 405 1139 ne
425 1102 605 1138 dubitaret
623 1101 754 1136 ducere
766 1128 778 1147 ,
791 1111 865 1136 tum
884 1101 1129 1145 illezFaciam,

139 1149 281 1194 iuquit,
300 1153 329 1193 fi
342 1152 445 1190 fidem
469 1151 573 1192 mihi,
599 1161 696 1192 quam
713 1150 861 1192 postulo,
885 1150 1026 1181 dederis.
1074 1144 1130 1181 Si·

139 1194 217 1229 inul
235 1205 292 1228 me
312 1193 356 1228 ad
375 1204 466 1229 aram
487 1190 662 1237 adduxit,
687 1190 784 1235 apud
804 1200 905 1233 quam
933 1188 1132 1225 sacrificare

143 1236 369 1273 instituerat:
392 1248 562 1282 eamque,
583 1236 717 1271 ceteris
741 1235 914 1279 remotis,
941 1242 1130 1270 tenentem

143 1283 259 1327 jurare
286 1282 404 1328 Juffit,
430 1295 594 1328 nunquam
618 1295 666 1315 me
685 1286 718 1315 in
742 1285 890 1314 amicitia
912 1294 984 1314 cum
1007 1284 1131 1315 Roma-

140 1333 192 1362 nis
211 1331 297 1370 fbre.
346 1325 389 1361 Id
410 1337 480 1372 ego
506 1324 754 1369 jusjurandum
783 1323 875 1367 patri
902 1322 1045 1368 datum,
1072 1322 1133 1358 us-

141 1381 210 1414 que
237 1370 281 1406 ad
308 1372 398 1405 hanc
428 1379 566 1404 aetatem
593 1370 642 1404 ita
667 1367 901 1411 conservavi,
929 1376 969 1401 ut
994 1366 1132 1402 nemini

141 1415 288 1450 dubium
318 1415 387 1450 effe
416 1414 568 1459 debeat,
596 1414 682 1456 quin
704 1413 848 1455 reliquo
876 1421 1043 1454 tempore
1074 1422 1132 1446 ea-

142 1459 224 1494 dem
243 1468 365 1494 mente
385 1456 446 1493 fim
466 1458 625 1493 futurus.
659 1458 780 1506 Quare
801 1455 826 1492 fi
846 1455 932 1498 quid
952 1456 1065 1491 amice
1084 1455 1132 1490 de

141 1502 320 1540 Romanis
341 1504 544 1549 cogitabis,
571 1514 646 1538 non
664 1501 908 1545 inprudenter
921 1500 1076 1545 secel-15,
1102 1498 1131 1536 fi

141 1559 199 1583 me
221 1548 363 1584 celatis.
414 1548 534 1596 Quum
564 1546 711 1590 quidem
740 1546 874 1581 bellum
905 1545 1065 1589 parabis,
1093 1553 1133 1580 te

140 1592 257 1637 ipsum
282 1591 531 1638 frustraberis,
557 1592 582 1628 fi
607 1603 682 1629 non
707 1602 764 1627 me
790 1590 827 1628 in
852 1600 899 1625 co
924 1589 1133 1635 principem

143 1637 330 1681 posueris.

504 1679 535 1715 C
559 1691 584 1715 A
611 1690 644 1715 ι’.
695 1677 781 1715 ΙΙΙ.
993 1694 1012 1699 -

142 1723 277 1796 Hac
299 1726 413 1769 igitur
435 1727 523 1769 (qua
541 1724 718 1769 diximus)
744 1732 846 1759 aetate
866 1731 944 1758 cum
971 1731 1070 1767 patre
1092 1723 1132 1759 in
1152 1748 1165 1757 .

251 1769 460 1813 Hispaniam
488 1769 675 1814 profcc'tus
705 1767 779 1803 est:
814 1769 915 1811 cujus
941 1766 1023 1812 post
1051 1769 1132 1803 obi·

146 1824 245 1867 tum²
271 1813 494 1849 Hasdrubale
515 1814 731 1857 imperatore
752 1812 924 1858 suffodio,
952 1811 1133 1856 equitatui

145 1872 249 1896 omni
266 1858 421 1903 praefuit.
471 1856 559 1893 Hoc
580 1868 724 1901 quoque
745 1857 962 1899 imerfhem,
990 1857 1135 1891 exerci-
1162 1895 1163 1898 Ἴ

146 1910 206 1940 tus
227 1905 395 1939 summam
416 1902 558 1947 imperii
578 1901 622 1937 ad
641 1913 722 1937 eum
748 1901 895 1936 detulit.
925 1901 966 1936 Id
985 1901 1133 1936 Kartha·
1160 1902 1164 1929 ἱ

146 1949 269 1992 gincm
291 1948 470 1991 delatum,
496 1947 646 1991 publice
665 1946 939 1990 comprobatum
959 1943 1022 1981 est.
1071 1945 1132 1980 Sic
1157 1944 1164 1989 ἶ

147 1993 334 2029 Hannibal
351 1992 471 2027 minor
491 1992 647 2034 quinque
667 1988 704 2026 ὅ(
721 1990 852 2036 viginti
881 1990 985 2025 annis
1005 1997 1129 2034 natus,

148 2038 345 2080 imperator
363 2036 474 2071 faetus
491 2036 660 2079 proximo
679 2035 841 2071 triennio
861 2045 986 2070 omnes
1005 2042 1134 2077 gentes

151 2080 338 2128 IIispaniae
365 2080 466 2120 bello
494 2080 648 2129 subegit.
694 2080 910 2129 Saguntum,
934 2075 1166 2129 federataip}

1042 2132 1133 2160 clu·
1156 2135 1167 2175 j

1156 2170 1165 2186 1,

1147 2189 1170 2248 ri
