1170 2248
144 63 209 97 126
393 53 656 91 Connnmx
690 49 924 87 Nmons

142 105 325 140 Romanas
353 100 519 136 oratione
548 98 674 134 Graeca
699 96 931 138 scriptitavit.
980 92 1021 128 In
1048 92 1125 135 ejus

143 147 317 184 Historiae
345 143 528 189 principio
548 142 716 186 scriptum
737 140 788 175 est
807 140 850 175 ad
869 141 961 174 hanc
981 138 1127 173 senten-

140 193 227 228 tiam
240 204 249 226 :
262 191 442 226 neminem
460 186 669 223 succensere
689 184 754 220 fibi
771 184 967 219 convenire
979 209 991 228 ‚
1005 181 1028 217 si
1041 180 1130 225 quid

142 238 180 272 in
207 237 262 271 his
283 234 383 271 libris
402 244 523 278 parum
541 229 744 274 composite
763 239 824 264 ant
843 228 959 263 minus
981 228 1125 262 elevan-

141 292 201 317 ter
219 280 390 324 scriptum
411 278 521 313 foret.
549 287 629 311 nam
647 274 719 309 snm
732 299 744 318 .,
764 274 904 318 inquit,
922 273 1033 307 homo
1059 270 1125 305 {o-

142 336 266 361 manus
287 350 299 369 .,
335 333 437 359 natus
466 322 503 356 in
533 320 663 355 Latio:
701 319 828 354 Graeca
847 317 963 353 oratio
983 328 1001 350 a
1021 315 1126 350 nobis

139 369 350 405 alienissima
369 366 434 403 est.
484 365 646 408 Ideoque
664 363 804 398 veniam
823 361 1038 407 gratiamque
1059 370 1130 393 ma-

142 416 188 449 1ae
208 411 511 457 existimationis,
537 408 563 445 fi
585 407 672 451 quid
695 406 782 442 css'et
803 415 978 450 erratum,
1005 402 1128 448 postn-

141 459 243 494 lavit.
295 458 347 492 Ea
368 467 482 501 quum
510 453 653 499 legisset
677 452 734 487 M.
756 451 871 487 Cato:
897 448 965 484 Nae
985 458 1024 483 tu
1076 448 1130 482 in—

144 503 244 548 quit,
271 501 395 546 Aule,
423 500 571 536 nimium
591 506 747 542 nugator
766 507 804 531 es
817 522 828 540 ‚
852 506 957 538 quum
976 475 1130 528 maluisti

142 548 288 591 culpam
309 545 519 589 deprecari,
546 554 647 586 qnam
667 542 774 584 culpa
792 550 931 575 vacare.
958 537 1052 573 Nam
1064 548 1130 581 pe-

143 602 222 627 tere
241 591 383 626 veniam
404 590 584 632 solemus,
611 596 671 622 aut
691 596 799 629 quum
821 582 1060 627 inprudentes
1074 592 1128 616 er-

142 636 321 681 ravimus,
347 644 408 669 aut
435 644 542 676 quum
563 629 702 675 expulfi
724 629 968 673 peccavimus.
1017 626 1128 671 Tibi,

140 681 287 724 inquit,
314 690 382 714 oro
405 688 440 713 te
461 703 474 721 .,
501 676 578 720 quis
599 674 782 718 perpulit,
809 684 848 707 ut
868 672 907 706 id
924 671 1130 707 committe-

142 736 201 760 res
214 751 226 769 ,
253 723 353 767 qnod
374 722 574 766 prinsquam
593 720 755 763 faceres,
782 727 926 761 peteres
939 742 951 760 ,
972 715 1128 757 urigno-

143 768 326 806 sceretur?
350 768 529 809 Scriptum
546 766 618 799 hoc
638 762 689 799 est
708 764 744 798 in
757 762 853 798 libro
874 758 1129 797 CorneliiNe-

142 813 247 858 potis
267 812 313 847 de
334 810 531 846 illustribus
550 809 650 843 viris.

180 898 653 956 CORNELII
695 893 1108 950 NEPOTIS

265 993 384 1046 Lib.
409 992 452 1043 I.
478 992 537 1044 de
561 990 682 1045 Vita
705 991 977 1043 Ciceronis.

513 1102 654 1140 CAP.
705 1102 779 1138 IV.

214 1177 374 1213 ornclius
391 1174 524 1218 Nepos
537 1201 548 1220 ‚
589 1172 625 1210 ἃ
645 1185 762 1210 rerum
781 1172 962 1209 memoriae
982 1182 1057 1207 non
1078 1171 1131 1207 in-

237 1222 394 1273 diligens
408 1247 420 1265 ,
443 1221 479 1256 &
491 1220 547 1255 M.
561 1219 755 1254 Ciceronis
766 1244 777 1263 ‚
805 1228 846 1252 ut
870 1217 930 1261 qui
950 1216 1102 1252 maxime
1114 1241 1128 1261 ,

143 1267 278 1302 amicus
305 1265 490 1301 familiaris
517 1264 588 1298 snit
608 1276 616 1297 :
643 1274 747 1306 atque
768 1265 797 1297 is
818 1272 933 1297 tamen
955 1262 991 1296 in
1011 1261 1130 1303 primo

143 1312 320 1347 librorum
332 1336 343 1355 ‚
372 1320 462 1352 quos
483 1308 528 1343 de
546 1309 618 1342 vita
639 1308 738 1341 illius
758 1306 966 1349 composuit
978 1331 989 1349 ‚
1002 1304 1128 1342 errasse

144 1355 313 1398 videtur,
340 1366 447 1396 quum
469 1363 548 1387 euin
566 1350 704 1395 scripsit
725 1360 797 1385 tres
818 1348 853 1384 δε
873 1350 1002 1393 viginti
1015 1359 1129 1383 annos

143 1410 265 1435 natum
301 1399 447 1442 primam
487 1396 635 1431 caussam
672 1395 800 1439 judicii
827 1394 969 1437 publici
994 1392 1124 1438 egisse:

143 1445 364 1486 Sextumque
395 1441 574 1478 Roscium
593 1439 777 1484 parricidii
795 1449 893 1473 reum
914 1436 1131 1472 defendisse.

193 1486 335 1523 Frustra
353 1486 522 1522 Tullium
533 1485 760 1528 suspicimus.
786 1482 922 1517 Refert
933 1482 1026 1517 enim
1039 1480 1132 1517 Cor-

147 1532 266 1568 nelius
286 1531 419 1575 Nepos
438 1556 450 1575 ‚
484 1529 520 1565 se
539 1529 715 1574 praesente
736 1554 749 1573 a
784 1527 912 1562 iisdem
932 1537 1034 1570 paene
1053 1535 1132 1560 ver-

145 1578 225 1621 bis,
252 1577 382 1619 quibus
413 1575 510 1610 edita
537 1573 611 1618 est,
647 1584 723 1609 eam
744 1583 812 1615 pro
834 1570 1017 1607 Cornelio
1035 1569 1132 1606 sedi-

146 1622 245 1657 tioso
264 1621 433 1656 Tribuno
453 1618 704 1655 defensionem
724 1626 936 1661 peroratam.

180 1708 443 1763 CORN
467 1707 654 1761 ELII
693 1704 1106 1758 NEPOTIS

143 1808 262 1861 Lib.
289 1807 333 1857 I.
372 1804 709 1874 Epistolarum
735 1806 802 1857 ad
823 1804 1129 1857 Ciceronem.

519 1897 550 1934 C
575 1910 598 1934 A
625 1910 659 1934 r.
709 1898 756 1933 V.

146 1961 341 2030 Tantum
361 1960 478 2006 abest,
505 1971 545 1996 ut
565 1971 635 2006 ego
654 1958 847 2005 magistram
867 1959 936 1995 esse
944 1967 1070 2004 putem
1080 1956 1133 1991 vi-

246 2017 289 2041 tae
309 2007 580 2051 Philosophiam
595 2031 607 2047 ,
631 2007 815 2048 beataeqne
842 2005 924 2039 vitae
942 2001 1130 2047 perfee‘cri-

149 2062 248 2098 ccm3
274 2062 312 2088 ut
340 2052 451 2089 nullis
479 2051 589 2098 magis
618 2048 820 2088 existimem
851 2059 944 2094 opus
973 2046 1134 2126 effe-Rug-

1017 2102 1053 2138 g1
1087 2099 1136 2126 ris
