1170 2248
131 62 198 95 106
379 55 640 96 commu
665 57 895 98 ΝΕΡοτις

128 101 384 148 serpentibus,
419 114 515 139 nova
546 113 584 140 re
617 106 828 152 perterriti,
865 118 996 153 quum,
1034 107 1135 151 quich

131 146 351 191 potiffimum
378 147 560 191 vitarent,
596 160 670 185 non
703 149 896 196 viderent,
921 163 1062 196 puppes
1087 164 1123 188 a-

129 200 344 236 verterunt,
372 192 482 235 seque
515 194 559 227 ad
587 193 647 229 sua
678 193 786 229 castra
816 196 960 232 nautica
988 198 1124 232 retule-

129 245 227 271 runt.
253 236 312 271 Sic
337 235 518 272 Hannibal
539 236 693 274 consilio
711 250 802 274 arma
820 239 1126 285 Pergamenorum

129 280 334 323 superavit:
363 292 480 324 neque
500 291 574 317 tum
595 282 732 328 solum,
758 283 821 318 sed
836 284 934 328 saepe
955 286 1039 320 alias
1058 297 1123 328 pe—

136 322 316 360 destribus
341 325 461 370 copiis
485 327 563 371 pari
596 326 789 371 prudentia
821 330 968 373 pepulit
999 330 1124 366 adver·

133 368 261 407 farios.

163 431 165 433 -
482 413 514 449 C
539 427 563 451 Λ
588 427 622 451 r.
671 415 773 453 XII.

219 470 273 493 uae
295 457 380 495 dum
399 460 436 495 in
467 459 550 495 Afia
570 470 764 507 geruntur,
791 461 924 497 accidit
950 462 1054 509 casu,
1082 472 1124 500 ut

221 504 329 549 legati
341 504 468 539 Prufioe
493 504 623 541 Romae
647 506 741 549 apud
769 505 811 542 L.
826 507 1018 556 Quintium
1047 509 1127 544 Fla-

130 549 311 583 mininum
345 548 569 584 consularem
605 561 811 602 coenarent²
847 562 953 595 atque
993 553 1044 587 ibi
1078 552 1126 588 de

132 592 340 628 Hannibale
360 594 549 629 mentione
568 594 681 640 faeta,
708 607 753 630 ex
775 597 828 630 lus
850 608 940 631 unus
961 597 1124 642 diceret,

132 647 216 673 eum
237 638 273 672 in
293 637 420 672 Prufiae
442 649 557 683 regno
577 639 660 674 ess'e.
713 640 753 674 Id
782 639 931 683 postero
953 641 1015 676 die
1043 642 1127 677 Fla-

133 681 292 716 mininus
316 682 451 716 senatui
473 683 620 718 detulit.
671 683 791 719 Patres
811 685 1036 730 conscripti,
1063 685 1129 729 qui

137 725 345 761 Hannibale
366 727 453 761 vivo
471 739 650 770 nunquam
673 727 708 763 se
729 728 802 763 fine
824 728 964 765 infidiis
983 731 1128 765 futuros

133 769 408 814 existimabant,
430 772 571 817 legatos
592 772 629 807 in
649 772 851 818 Bithyniam
869 774 1065 820 miserunt,
1088 776 1126 810 in

133 815 189 850 his
213 814 479 861 Flamininum,
508 817 570 858 qui
599 828 616 851 a
645 828 729 860 rege
757 827 951 863 peterent,
979 830 1024 854 ne
1055 819 1124 854 ini-

135 858 357 894 micissimum
377 859 475 895 suum
504 861 623 895 secum
650 861 818 906 haberet,
845 860 981 905 fibique
1011 862 1126 898 dede-

133 913 203 939 ret.
255 902 324 938 llis
345 903 479 940 Prusias
500 915 630 947 negare
652 904 753 940 ausus
774 918 849 941 non
869 904 933 941 est.
954 907 1048 941 illud
1067 919 1125 942 re-

133 948 294 992 cusavit,
322 960 366 982 ue
387 948 424 982 id
445 961 463 983 a
491 949 526 983 se
555 948 632 983 fieri
661 948 909 994 postularent,
937 951 1036 994 quod
1064 951 1124 987 ad-

133 991 256 1027 versus
284 993 339 1036 jus
366 993 517 1037 hospitii
546 994 654 1029 esset:
681 993 746 1037 ipfi
775 993 800 1029 fi
829 995 996 1041 possent,
1023 1007 1122 1031 com-

133 1036 429 1081 prehenderent:
465 1039 612 1083 locum,
639 1038 700 1073 ubi
729 1038 838 1084 esset,
864 1039 973 1075 facile
1001 1040 1127 1076 inven-

133 1091 250 1117 turos.
301 1080 485 1116 Hannibal
505 1083 602 1117 enim
623 1094 698 1118 uno
730 1083 817 1118 loco
845 1084 880 1119 se
912 1085 1059 1119 tenebat
1088 1086 1126 1121 in

133 1124 309 1170 castello,
337 1126 437 1167 quod
466 1127 499 1161 ei
529 1128 570 1162 ab
598 1138 684 1172 rege
712 1127 832 1162 (latum
863 1138 937 1163 erat
961 1130 1125 1174 muneri3

135 1170 250 1212 idque
270 1169 317 1205 fic
338 1170 549 1215 aedificarat,
577 1181 617 1206 ut
637 1173 673 1206 in
693 1172 861 1208 omnibus
890 1174 1050 1216 partibus
1080 1186 1127 1209 ae-

133 1213 250 1249 dificii
279 1214 417 1250 exitum
447 1214 512 1250 fibi
541 1217 713 1261 haberet,
740 1216 882 1260 semper
900 1229 1050 1263 vetem,
1078 1229 1125 1253 ne

133 1258 200 1294 usu
221 1259 410 1304 eveniret,
438 1259 538 1303 quod
558 1260 704 1295 accidit.
757 1261 842 1296 Huc
875 1273 982 1305 quum
1011 1262 1128 1308 legati.

134 1302 385 1339 Romanorum
415 1304 615 1349 venissent,
643 1316 683 1338 ac
711 1306 945 1341 multitudine
978 1304 1125 1342 domum

134 1348 212 1389 ejus
232 1347 573 1392 circumdedissent,
600 1360 692 1391 puer
709 1350 750 1383 ab
769 1350 874 1393 janua
893 1351 1125 1394 prospiciens

134 1390 335 1427 Hannibali
364 1391 487 1436 (lixit,
514 1393 637 1444 plures
660 1402 791 1444 praeter
819 1394 1126 1445 consuetudinem

132 1444 286 1471 armatos
305 1446 504 1480 apparere,
533 1447 593 1479 qui
615 1447 806 1480 imperavit
835 1448 893 1483 ei,
929 1449 967 1473 ut
996 1450 1125 1475 omnes

132 1480 234 1515 sores
255 1479 399 1515 aedifieii
421 1481 650 1525 circumiret,
672 1493 710 1516 ac
730 1493 888 1525 propere
908 1481 971 1517 fibi
993 1494 1125 1519 renun-

131 1524 261 1569 tiaret,
289 1536 372 1561 num
392 1524 523 1559 eodem
543 1525 657 1561 modo
691 1525 851 1569 undique
883 1526 1123 1563 obsideretur-

134 1567 232 1604 Puer
259 1580 365 1611 quum
395 1569 588 1614 celeriter,
616 1569 701 1613 quid
729 1570 838 1615 esset,
865 1572 1123 1617 renuntiasset,

134 1613 336 1656 omnesque
365 1613 486 1649 exitus
516 1624 715 1658 occupatos
743 1613 978 1651 ostendisset:
1013 1616 1124 1652 sensit

132 1656 173 1692 id
194 1668 267 1691 uon
287 1657 444 1693 fortuito
466 1658 616 1701 saelum,
642 1659 704 1693 sed
724 1658 759 1693 se
779 1660 881 1703 peti,
908 1672 1026 1703 neque
1053 1660 1122 1696 fibi

134 1699 270 1736 diutius
291 1702 398 1737 vitani
432 1701 501 1736 esse
532 1702 768 1738 retinendam.
796 1715 897 1745 quam
924 1716 969 1739 ue
997 1706 1124 1740 alieno

133 1745 286 1780 arbitrio
321 1745 544 1790 dimitteret,
580 1758 721 1782 memor
754 1746 976 1790 pristinarum
1011 1749 1124 1784 virtu—

136 1798 235 1834 tum,
249 1801 425 1824 venenum
465 1789 562 1834 quod
581 1791 721 1834 semper
740 1791 857 1826 secum
879 1793 1012 1827 habere
1033 1804 1125 1829 con-

133 1832 320 1877 sueverat,
346 1833 419 1868 sum
438 1844 476 1869 1t.
510 1835 568 1870 Sic
589 1835 647 1870 vir
667 1836 897 1881 f01-tiffi1nuS,
919 1837 1043 1872 multis
1064 1849 1122 1872 va-
1141 1861 1144 1864 >

135 1877 273 1920 :iisque
315 1878 527 1921 perfunctus
561 1880 779 1927 laboribus,
813 1892 909 1919 anno
938 1882 1124 1926 acquievit

138 1921 417 1969 septuagesimo.

980 2102 1121 2143 ΕΔ).
