1170 2248
313 50 768 100 FRAG-Mnnra.
965 73 1029 111 135

292 112 327 148 E
369 124 390 148 P
432 125 447 148 1
489 126 505 150 s
546 129 572 153 ‘r
612 128 637 154 o
678 129 703 154 L
742 108 769 156 Jt

48 171 586 236 CORNELIAE
645 179 1027 231 MATRIS

205 248 870 303 GRAcciffoRUM.

384 309 678 350 CAP.XII.

37 367 188 438 Dices
215 370 402 413 pulchrum
433 371 502 406 ess'e
522 372 691 410 inimicos
713 375 852 411 ulcisci.
897 377 939 412 Id
959 389 1007 414 ne
1025 402 1030 408 -

135 425 204 457 que
224 415 357 458 majus,
379 426 494 458 neque
514 418 697 460 pulchrius
717 421 904 466 cuiquam,
917 432 1026 465 atque

39 458 112 493 effe
132 458 219 492 mihi
240 458 408 502 videtum
433 459 495 494 sed
520 460 544 495 fi
568 462 675 497 liceat
692 466 835 508 republ.
869 467 961 500 salva
980 471 1024 503 ea'

38 502 219 545 persequi.
254 503 323 537 Sed
344 512 517 545 quatenus
537 505 574 539 id
592 506 669 542 fieri
691 509 916 555 nonpooest,
930 512 1022 545 mul-

38 555 79 581 to
108 556 297 592 tempore,
327 547 523 591 multisque
552 551 712 592 partibus
742 554 880 588 inimici
907 554 1022 591 nostri

37 601 113 625 non
140 590 312 633 peribunt
330 603 342 633 ς
376 601 482 634 atque
501 595 554 629 uti
573 606 669 630 nuuc
689 596 794 642 suut,
822 608 927 632 erunt
950 610 1021 642 po-

37 634 131 681 tius,
159 645 261 679 quam
281 635 440 678 respubl.
460 638 679 684 profligetur
694 651 801 685 atque
821 652 962 686 pereat.

44 696 47 701 “
361 695 484 728 Eadem
506 699 570 730 alio
593 701 678 732 loco.-

80 746 208 784 Verbis
228 751 418 793 conceptis
439 751 599 796 dejerare
620 753 725 790 ausim
738 782 750 801 ‚
781 766 1020 800 praeterquam

34 791 95 834 qui
116 792 304 828 Tiberium
326 795 525 832 Gracchum
546 810 740 845 necarunt,
756 803 1022 836 neminemini-

33 836 165 871 micum
203 848 339 872 tautum
373 841 545 876 molnstiae
565 868 577 887 9
622 853 829 887 tantumque
858 847 1016 890 laboris,

34 890 203 922 quantum
232 891 268 916 te
296 884 343 917 ob
371 884 431 918 has
461 897 516 920 ies
537 911 548 931 ‚
575 887 659 921 mihi
679 889 884 924 tradidisse:
910 902 1018 932 quem

33 926 231 967 oportebat
257 927 417 962 omnium
448 941 597 975 eorum,
625 943 715 974 quos
731 943 813 968 ante
831 934 1018 970 habuerim

32 968 170 1004 liberos
188 995 200 1013 ‚
234 972 341 1013 partis
361 983 486 1008 eorum
508 976 664 1010 tolerare
686 989 694 1010 :
729 988 834 1020 atque
864 990 1014 1024 curare,

30 1022 72 1046 ut
91 1024 191 1055 quam
213 1015 398 1050 minimum
417 1017 678 1055 sollicitudinis
691 1021 727 1055 in
748 1022 889 1057 senecia
908 1024 1016 1058 habe-

30 1067 106 1091 rem
120 1083 132 1102 ,
157 1058 283 1101 utique
303 1071 525 1104 quaecuuque
545 1075 692 1109 ageres,
719 1077 760 1101 ea
777 1068 1017 1102 vellesmaxi-

31 1111 89 1135 me
109 1102 193 1136 mihi
213 1104 382 1146 plaeere:
409 1115 514 1149 atque
532 1109 585 1142 uti
605 1109 705 1143 nefas
724 1111 871 1145 haberes
892 1120 1014 1146 rerum

31 1146 204 1188 majorum
235 1147 419 1183 adversum
449 1162 561 1186 meam
582 1152 798 1188 senteutiam
819 1155 1014 1198 quidquam

29 1189 163 1225 facere.
199 1190 397 1227 Praesertim
418 1195 528 1240 mihi,
554 1197 613 1230 eui
635 1208 740 1240 parva
758 1201 837 1241 pars
855 1199 936 1233 vitat
955 1200 1013 1234 su-

27 1234 149 1276 perest
169 1261 181 1280 ‚
219 1247 263 1270 ue
284 1237 322 1270 id
341 1237 482 1279 quidem
503 1249 571 1274 tani
592 1241 701 1275 breve
720 1242 868 1285 spatium
890 1243 1012 1286 potest

29 1278 227 1324 opitulari,
254 1281 338 1322 quin
360 1279 396 1315 ἅτ
416 1283 504 1317 mihi
521 1283 738 1330 adverseris,
773 1285 811 1320 ἃ
830 1289 1010 1331 rempubl.

27 1323 215 1367 profliges.
260 1324 429 1368 Denique
450 1338 525 1370 quae
544 1329 651 1371 pausa
669 1330 738 1364 erit
757 1332 774 1365 ἱ)
807 1329 845 1365 &
865 1332 1011 1374 quaudo

27 1365 168 1402 defluet
195 1368 329 1404 familia
355 1369 474 1406 nostra
502 1373 682 1409 insanire?
709 1371 746 1409 &
765 1376 909 1418 quaudo
930 1388 1011 1412 1110-

27 1409 93 1446 dus
112 1412 146 1446 ei
166 1413 219 1446 rei
237 1414 361 1448 haberi
379 1416 545 1458 poterit?
558 1415 595 1452 δε
615 1418 760 1460 quando
781 1419 981 1456 desinemus
993 1448 1008 1465 ‚

27 1451 66 1490 δε
84 1455 279 1501 habentes,
307 1455 344 1492 &
363 1460 588 1506 praebentes,
615 1462 789 1499 molestiis
810 1463 975 1500 desistere
988 1467 1007 1501 2

27 1495 66 1533 &
87 1499 229 1540 quaudo
258 1502 500 1544 perpudescet
525 1506 706 1541 miscenda
731 1518 837 1550 atque
865 1519 1007 1553 pertur-

25 1542 140 1578 banda
166 1546 307 1587 republ.
348 1547 420 1582 Sed
444 1547 470 1582 fi
495 1550 648 1585 omniuo
678 1551 717 1585 id
744 1552 822 1586 fieri
841 1565 917 1589 non
936 1565 1006 1597 po-

26 1585 95 1621 test
112 1599 125 1631 .·,
158 1588 221 1622 ubi
241 1600 312 1634 ego
331 1601 471 1626 mortua
489 1603 553 1628 ero
565 1620 577 1638 ,
602 1596 723 1637 petito
742 1595 977 1633 Tribunatum
990 1624 1005 1644 ,

23 1630 108 1708 Post
135 1642 191 1666 me
217 1632 329 1668 facito
348 1660 360 1678 ‚
396 1637 494 1678 quod
514 1638 671 1684 libebit,
707 1651 813 1682 quum
834 1653 904 1685 ego
925 1654 1006 1680 nou

42 1674 186 1710 entiam.
230 1676 303 1712 Ubi
327 1689 470 1715 mortua
489 1692 576 1727 ero,
603 1685 808 1726 parentabis
827 1685 936 1731 mihi,
964 1685 1005 1722 δε

24 1717 211 1755 invocabis
230 1719 348 1756 Deum
367 1734 566 1766 parentem.
592 1727 633 1762 111
654 1739 700 1763 eo
721 1739 887 1772 tempore
900 1756 912 1775 ‚
925 1743 1002 1766 uon

23 1762 139 1806 pudet
164 1773 199 1799 te
228 1775 354 1800 eorum
383 1767 503 1803 Deum
530 1782 657 1814 preces
685 1783 883 1818 expetere,
910 1786 1004 1817 quos
1058 1811 1061 1814 ,

24 1806 128 1842 vivos
155 1817 259 1850 atque
286 1811 478 1851 praesentes
498 1838 510 1857 ,
544 1817 693 1851 relic⁶t0s
711 1827 817 1860 atque
837 1817 1005 1854 desertos

24 1850 188 1885 habueris
207 1852 225 1886 *ἓ
260 1851 321 1887 Ne
339 1853 403 1888 ille
423 1855 511 1891 (inat
527 1858 690 1903 Jupiter,
716 1870 752 1894 te
773 1872 813 1895 ea
832 1861 1003 1904 perseve-

22 1905 98 1929 rare
118 1920 130 1938 ‚
165 1906 232 1929 uec
259 1897 324 1931 tibi
344 1907 473 1934 tautam
493 1900 707 1937 dementiam
726 1905 850 1940 venire
869 1905 906 1940 in
924 1906 1002 1941 ani-

22 1949 142 1981 mum3
167 1937 204 1974 ἃ
224 1938 247 1973 fi
268 1941 496 1988 perseveras,
521 1956 652 1981 vereor
670 1947 706 1982 iu
727 1959 871 1984 omnem
890 1950 1001 1987 vitam

13 1986 159 2027 [tautum
184 1984 316 2019 laboris
345 1986 450 2029 culpa
477 1997 537 2023 tua
565 1990 738 2039 recipias,
763 1992 815 2028 uti
837 1993 874 2028 in
893 1995 998 2030 nullo

22 2029 187 2071 tempore
209 2037 285 2065 tute
307 2029 374 2066 tibi
390 2031 537 2114 placire
555 2035 678 2077 poffis.
811 2079 842 2118 c
855 2080 929 2118 ΗΓ
950 2083 983 2121 O

37 2094 39 2097 ,
517 2086 540 2121 4
917 2099 937 2118 x
986 2105 1002 2113 -
