1170 2248
146 39 194 75 ετξ
379 39 925 85 111.Ants·r1nzs.

147 83 265 134 ntitum
285 81 360 130 est,
375 97 511 130 quanto
530 86 713 126 antistaret
729 92 940 136 eloquentia
959 94 1138 133 innocen-

148 137 221 163 tiae.
267 139 477 174 quamquam
499 134 595 168 enim
613 133 708 170 adeo
730 138 935 173 excellebat
958 139 1137 178 Aristides

146 170 391 220 abstinentia,
428 186 469 212 ut
486 187 579 213 unus
599 178 682 221 'post
699 180 884 217 hominum
904 186 1109 220 memoriam
1119 211 1135 237 2

145 217 248 260 quod
277 218 422 261 quidem
452 231 519 256 nos
539 223 754 259 audierimus
773 251 785 270 ,
819 228 1040 271 cognomine
1059 230 1137 273 Jul-

136 265 202 296 'tus
220 260 270 296 ,iit
288 265 489 307 appellatus
501 291 513 309 ‚
536 274 651 303 tamen
670 279 689 303 a
706 268 739 304 T
741 269 954 307 liemistocle
972 274 1134 309 collabe-

140 306 256 340 facins
275 306 403 351 testula
424 309 510 350 illa,
522 311 639 347 exilio
660 311 786 348 decem
805 319 1136 353 almol‘tllnlllllit‘la-

145 359 204 385 tus
225 350 288 386 est.
306 353 400 402 &Qui
419 355 586 399 quidem,
614 368 724 399 quum
741 358 968 405 intelligeret
987 362 1136 406 reprimi

144 395 364 432 concitatam
384 397 657 436 multitudinem
678 413 753 437 non
774 403 896 449 poll'e,
923 405 1133 449 cedensque

144 440 449 478 animadverteret
476 444 653 486 quendam
672 445 889 484 scribentem
909 475 921 494 ‚
955 460 994 484 ut
1018 450 1134 494 patria

142 484 537 532 pelle1·etur‚quaefiffe
556 490 598 523 ab
619 500 666 525 eo
687 490 959 536 dicitur,quare
979 494 1015 528 id
1037 495 1134 530 face-

144 536 202 563 ret
221 554 232 573 ‚
267 540 328 565 aut
355 531 442 574 quid
459 530 638 568 Aristides
659 535 886 572 commili'ss'et
905 562 917 582 ‚
954 549 1019 573 cur
1036 548 1134 575 tanta

143 583 249 623 paena
277 574 408 620 dignus
438 575 634 612 duceretur
653 578 669 612 ἒ)
705 578 775 614 Cui
795 581 859 616 ille
880 581 1071 626 respondit
1093 583 1131 618 se

142 627 312 661 lgnor-m:
331 618 549 665 Aristidem
575 622 637 657 secl
655 621 719 658 fibi
742 635 815 659 non
836 626 1002 671 plaeere,
1030 626 1132 669 quod

142 670 215 696 tam
234 663 368 706 cupide
388 665 623 710 elaborall'ct‚
650 676 690 701 ut
707 679 836 711 praeter
854 680 996 706 ceteros
1015 670 1130 714 justus

141 705 373 749 apellaretur.
408 707 482 743 Hic
503 710 628 745 decem
649 723 823 747 annorum
843 714 1036 759 legitimam
1058 726 1130 758 pa:-

143 761 224 784 nam
244 762 319 786 non
341 754 505 795 pertulit.
531 766 609 789 nam
628 755 811 798 postquam
826 757 966 794 Xerxes
979 759 1014 794 in
1029 760 1130 795 Grae-

139 794 231 829 ciam
259 795 448 832 descendit
467 824 480 842 ,
511 798 616 834 sexto
638 800 714 835 sere
734 812 830 835 anno
851 813 951 843 quam
972 813 1045 838 erat
1066 815 1130 840 ex-

139 838 285 885 pulsus,
314 842 449 885 populi
466 842 559 922 ῑεῐὲο
579 843 614 878 in
635 845 784 924 patil‘iiun
803 845 986 883 restitutus
1007 848 1073 884 est.

566 899 591 922 A
617 899 650 923 Ρ.
749 915 757 924 .

139 925 338 995 Interfuit
364 940 481 966 autem
510 943 639 977 pugnae
668 933 784 968 navali
809 934 904 978 apud
922 935 1093 973 Salamina
1111 963 1126 984 ‚

183 983 259 1014 quae
277 973 368 1008 fat-'ta
387 974 437 1009 est
457 978 578 1020 prius,
600 988 700 1019 quam
721 989 825 1021 poena
842 979 1062 1017 liberaretur.
1092 983 1128 1017 1-

139 1015 221 1050 dem
252 1026 387 1060 praetor
414 1019 484 1055 fuit
510 1021 784 1056 Athenienlium
804 1023 899 1065 apud
921 1024 1066 1061 Plataeas
1088 1027 1128 1064 in

137 1061 269 1104 praelio
289 1088 300 1103 ‚
336 1074 408 1105 quo
430 1064 646 1099 Mardonius
669 1066 788 1111 fustis,
824 1067 1126 1114 barbarorumque

127 1105 323 1141 'exereitus
344 1107 555 1142 interfeci-us
577 1108 641 1143 est.
667 1109 800 1153 Neque
820 1112 919 1146 aliud
941 1112 991 1148 est
1008 1115 1123 1152 ullum

135 1149 242 1192 hujus
263 1150 299 1185 in
322 1161 357 1186 re
378 1152 523 1187 militari
543 1152 681 1189 illustre
700 1154 830 1190 saelum
851 1182 862 1200 ,
898 1168 999 1200 quam
1019 1159 1125 1203 hujus
1143 1192 1146 1194 .

134 1192 280 1237 imperii
301 1196 487 1231 memoria.
528 1196 673 1240 justitiae
691 1210 778 1234 vero
799 1197 835 1234 ἃ,
857 1201 1056 1247 requitatis,
1084 1202 1123 1240 c&

133 1237 358 1274 innocentia:
377 1241 499 1276 multa.
525 1242 566 1276 In
587 1243 735 1289 primis,
759 1244 856 1286 quod
879 1248 958 1289 ejus
979 1247 1124 1290 :equita-

135 1292 172 1316 te
195 1282 325 1318 fat-'tum
345 1284 418 1329 est,
433 1296 539 1327 quum
560 1287 595 1321 in
637 1288 911 1324 ommuniclass‘e
924 1291 1009 1326 esl'et
1023 1291 1123 1327 Grae-

134 1326 200 1361 ciae
210 1325 322 1363 fimul
341 1339 422 1364 eum
443 1297 720 1375 Pausaniabquo
742 1332 834 1367 duce
854 1334 1070 1371 Mardonius
1084 1348 1124 1372 e·

133 1380 188 1404 rat
215 1371 358 1416 fugatus
377 1400 390 1418 ,
425 1383 465 1408 ut
491 1374 621 1410 summa
641 1376 782 1419 imperii
802 1378 970 1413 maritimi
989 1380 1030 1415 ab
1052 1379 1121 1416 La-

132 1413 366 1451 cedaemoniis
386 1419 641 1454 transferretur
657 1421 700 1455 ad
719 1420 980 1458 Athenienses.
1024 1435 1122 1460 nam-

133 1469 204 1502 que
233 1470 314 1495 ante
335 1460 372 1495 id
392 1471 533 1506 tempus
554 1462 589 1499 δε
613 1465 698 1499 mari
718 1463 755 1500 ἃ
776 1475 869 1500 terra
887 1466 999 1503 duces
1018 1478 1120 1505 erant

131 1501 419 1541 Lacedaemonii.
446 1517 519 1542 tum
541 1519 656 1543 autem
677 1507 714 1544 <k
735 1510 1016 1553 intemperantia
1027 1511 1119 1548 Pau·

130 1548 258 1592 saniae,
281 1546 316 1584 ἃ
337 1549 475 1593 justitia
493 1552 622 1586 fat-‘tum
644 1552 693 1587 est
714 1553 885 1589 Aristidis
905 1581 916 1600 ‚
929 1566 969 1590 ut
987 1568 1117 1594 omnes

126 1592 207 1627 fere
237 1593 400 1629 civitates
430 1595 579 1631 Graec?ae
598 1597 641 1631 ad
661 1597 940 1634 Atheniensium
961 1600 981 1635 s
1004 1601 1115 1637 cicta-

127 1645 200 1671 tem
220 1636 256 1671 se
277 1638 575 1686 applicarent‚&
597 1641 762 1677 adversus
783 1643 948 1679 barbaros
1022 1656 1036 1680 s
1049 1645 1115 1680 du-

127 1691 188 1717 ces
208 1681 416 1723 deligerent
434 1683 521 1730 fibi,
557 1697 628 1730 quo
648 1686 788 1722 facilius
809 1688 1055 1736 repellerent,
1088 1688 1116 1728 fi

123 1725 224 1762 sorte
245 1726 380 1762 benum
401 1740 578 1766 renovare
599 1741 831 1767 conarentur.

480 1773 511 1809 C
538 1787 562 1810 A
587 1785 620 1809 Ρ.
670 1775 754 1811 111.

127 1819 191 1887 A
205 1814 228 1851 d
257 1815 380 1852 classes
401 1817 624 1855 aedificandas
644 1845 657 1864 ‚
693 1821 946 1866 exercitusque
967 1833 1113 1868 compa-

205 1861 336 1896 randos
357 1873 523 1906 quantuni
546 1865 710 1908 pecunia:
732 1877 882 1909 quaeque
905 1868 1030 1904 civitas
1049 1868 1111 1903 da-

123 1915 201 1949 ret,
227 1905 404 1942 Aristides
423 1905 585 1943 delet-'tus
606 1907 678 1954 est,
700 1910 760 1952 qui
783 1909 1033 1947 constitueret.
1058 1908 1111 1947 E·

121 1951 177 1994 jus
199 1950 348 1986 arbitrio
367 1951 610 1997 quadringena
629 1950 666 1988 ὅς
686 1953 862 1999 sexagena
874 1956 1007 1990 talenta
1018 1967 1110 1999 quo·-

124 1994 242 2030 tannis
263 1994 396 2030 Delum
416 1995 496 2031 sunt
514 1998 669 2033 collata:
691 1997 727 2032 id
746 2000 840 2033 enim
861 2009 1107 2043 communeae-

122 2038 254 2077 rai-ium.
272 2038 342 2077 ell'e
361 2040 572 2081 voluerunt.
617 2041 706 2092 Quae
726 2043 844 2081 omnis
861 2044 1106 2125 pecuniastpc-

1042 2098 1107 2127 CFO
