1170 2248
153 48 217 79 122
357 38 618 78 Connnzn
641 38 868 80 Nero-ns
893 37 969 80 ὕες.

149 88 211 122 rit.
259 83 383 129 Atque
410 87 482 121 hoc
509 86 710 131 priusquam
741 88 775 124 ei
801 89 1005 133 accideret,
1032 81 1132 133 post·

151 142 254 173 quam
275 131 311 165 in
332 130 409 165 dics
430 130 581 165 dolores
600 132 827 178 accrescere,
845 133 1055 177 febremque
1075 145 1132 169 ac-

150 174 282 210 ceffiffe
302 173 430 219 sensit,
452 174 651 218 Aerippam
668 188 837 222 generum
857 178 900 213 ad
921 178 956 213 se
975 178 1132 214 arceffiri

146 219 265 262 jussit,
285 216 322 255 &
343 230 423 254 cum
443 230 488 254 eo
535 245 544 254 .
558 219 770 255 Cornelium
781 221 1130 267 Balbum,Sextun1-

149 274 220 305 que
239 263 467 298 Peducaeum.
480 265 550 300 hos
570 275 610 299 ut
628 265 763 300 veniss'e
781 265 897 311 vidit,
911 267 948 301 in
969 267 1142 302 cubitum

149 307 320 343 innixus:
348 318 538 353 quantam,
563 309 704 354 inquit,
740 320 859 344 curam
888 310 1130 356 diligentiam-

149 363 222 394 que
242 352 279 387 in
299 352 509 388 valetudine
527 364 604 388 mea
624 353 758 389 tuenda
776 354 848 389 hoc
878 362 1044 397 tempore
1070 354 1133 389 ad-

146 396 327 431 hibuerim
339 423 350 442 ,
365 408 471 440 quum
491 409 557 433 vos
576 396 683 433 testes
703 398 864 442 habeam,
878 399 971 433 nihil
990 399 1131 434 necesse

147 438 201 475 est
220 441 385 484 pluribus
413 442 532 477 verbis
561 453 858 478 commemorare.
886 443 1013 485 quibus
1041 452 1132 486 quo-

148 485 266 530 niam,
291 495 333 520 ut
361 485 492 530 spero,
519 485 699 531 satisfeci,
725 498 782 521 me
811 487 901 521 nihil
920 487 1051 530 reliqui
1077 488 1133 523 fe-

147 529 235 564 eiss'e
246 556 258 574 ,
271 529 371 573 quod
381 530 424 565 ad
435 530 631 565 sanandum
643 543 698 565 me
709 531 913 574 pertineret
923 558 936 577 ,
948 532 1131 574 reliquum

147 572 222 617 est,
249 584 289 609 ut
308 585 454 623 egomet
472 575 558 609 mihi
578 575 774 611 consulam.
810 575 852 610 Id
873 587 939 611 vos
959 576 1130 621 ignorare

145 619 265 653 nolui.
316 618 409 653 Bam
429 620 515 653 mihi
536 618 622 663 stat,
643 621 743 654 -a‘lcrc
768 621 930 655 morbum
949 619 1129 656 desinere.

145 673 301 705 namque
320 663 376 697 his
396 662 531 697 diebus,
546 663 724 706 quidquid
744 665 816 699 cibi
835 663 960 709 sumfi,
973 665 1024 699 ita
1042 676 1132 708 pro-

145 706 236 741 duxi
255 708 361 741 vitam
374 732 385 750 ,
413 716 452 741 ut
471 708 628 742 auxerim
649 708 799 743 dolores
820 707 894 743 fine
913 708 974 750 spe
993 708 1129 744 salutis.

144 750 268 799 Quare
287 762 306 786 a
325 751 428 786 vobis
447 761 536 795 peto
556 753 731 797 primum,
757 762 797 787 ut
823 751 1013 788 confilium
1042 755 1145 796 pro-⁸
1169 790 1170 802 ἵ

141 795 239 830 betis
259 806 397 830 meum:
420 795 555 831 deinde
568 822 580 841 ,
602 808 646 832 ne
666 796 792 832 fmstra
811 796 1041 833 dehortando
1063 808 1126 834 co·
1169 805 1170 843 ξ

143 840 294 875 nemini.

465 882 496 919 C
522 895 544 919 A
571 895 605 919 P.
655 884 804 921 XXII.

237 938 276 963 ac
306 929 479 964 oratione
507 929 648 974 habica,
675 939 771 965 tanta
797 929 999 966 constantia
1025 931 1130 967 vocis

235 983 340 1016 atque
359 975 505 1017 vultus,
526 983 566 1009 nt
586 977 660 1009 n'on
682 985 730 1009 ex
751 975 844 1019 vita,
866 974 927 1010 sed
947 986 993 1010 ex
1011 974 1124 1011 domo

142 1018 180 1053 in
202 1018 348 1053 domum
365 1018 552 1053 videretur
574 1019 747 1063 migrare,
775 1030 881 1062 quum
910 1018 1053 1062 quidem
1074 1018 1128 1054 A·

141 1063 269 1108 grippa
287 1073 368 1097 eum
388 1063 503 1106 ssens,
531 1072 637 1105 atque
657 1063 846 1107 osculans,
874 1073 994 1099 oraret
1018 1073 1126 1106 atque

139 1108 368 1151 obsecraret,
396 1118 443 1142 ne
463 1107 507 1142 ad
527 1106 588 1150 id,
615 1107 716 1149 quod
736 1118 858 1142 natura
877 1118 1029 1153 cogeret
1043 1108 1125 1153 ,ip-

140 1152 178 1186 se
200 1162 349 1194 quoque
367 1152 606 1186 acceleraret:
634 1148 671 1186 ἃ
692 1151 861 1195 quoniam
883 1162 955 1187 tun]
978 1163 1126 1195 quoque

139 1196 261 1239 post'et
280 1196 505 1239 temporibus
524 1194 725 1240 superesse,
752 1196 788 1231 se
807 1196 872 1231 fibi
899 1196 1042 1239 suisque
1070 1207 1127 1231 re-

138 1240 316 1275 servaret:
343 1251 469 1284 preces
490 1240 567 1283 ejus
589 1240 764 1275 taciturna
790 1239 849 1275 sua
876 1239 1125 1276 obstinatione

140 1283 323 1327 depressit.
349 1285 407 1324 Sic
426 1295 533 1326 quum
552 1284 699 1318 biduum
721 1285 805 1319 cibo
824 1285 859 1320 se
880 1284 1122 1330 abstinuisset,

137 1327 261 1363 subito
288 1328 401 1362 febris
428 1328 574 1362 deccffit
591 1353 603 1370 ,
647 1328 839 1370 leviorque
877 1330 1024 1364 morbus
1053 1329 1124 1364 ess'e

138 1373 264 1416 coepi-t.
290 1382 408 1407 tamen
430 1371 655 1415 propofitum
676 1373 793 1407 nihilo
820 1372 937 1407 secius
966 1374 1122 1416 peregit.

136 1415 263 1460 Itaque
283 1416 341 1451 die
362 1416 517 1460 quinto,
543 1414 729 1459 postquam
751 1415 788 1450 id
808 1415 999 1452 confilium
1028 1418 1124 1453 inic-

135 1468 217 1503 γαπ,
245 1460 362 1504 pridie
383 1459 539 1495 Kalend.
564 1458 731 1505 Aprilis,
749 1458 827 1495 Cn.
855 1460 1048 1506 Domitio,
1075 1461 1121 1497 C.

135 1505 239 1540 Sosio
262 1504 361 1540 Coss.
388 1504 550 1539 decesfit.
593 1504 720 1540 Elatus
740 1503 846 1539 estin
866 1505 1059 1551 lecticula,
1082 1516 1123 1542 ut

135 1549 214 1592 ipsc
232 1548 516 1593 praescripserat,
542 1547 617 1584 fine
638 1549 710 1583 ulla
727 1560 861 1592 pompa
878 1549 1042 1595 funeris,
1055 1561 1120 1587 co-

136 1594 347 1629 mitantibus
377 1594 546 1628 omnibus
576 1593 706 1637 bonis,
741 1594 893 1629 maxima
919 1594 1020 1639 vulgi
1046 1594 1123 1629 fre-

136 1638 294 1681 quentia.
343 1638 515 1680 Sepultus
542 1636 594 1672 est
619 1639 723 1681 juxta
747 1638 838 1672 viam
868 1637 1047 1681 Appiam,
1075 1638 1119 1673 ad

136 1691 300 1725 quintum
330 1681 489 1732 lapidem
509 1707 522 1727 ‚
554 1681 591 1718 in
620 1690 861 1719 monumento
898 1681 947 1732 Q.
976 1681 1120 1719 Caecilii
1148 1730 1149 1734 Ἰ

137 1725 307 1763 avunculi
331 1726 398 1762 sul.

969 2034 1112 2077 COR·
