1170 2248
251 27 862 72 X*111.T1M0·rnnvs.
1004 47 1047 85 59

67 72 344 110 Athenieufibus
364 75 510 119 imperii
526 77 944 124 maritimiprincipatum
954 90 1046 119 con-

66 119 273 162 ceffertlnt3
306 129 504 163 pacemque
522 120 576 156 his
595 122 734 166 legibus
754 124 1045 174 constituerunt,

67 171 107 198 ut
123 161 362 198 Athenienses
382 165 468 200 mari
486 164 598 200 duces
618 165 743 202 effent.
789 168 878 218 Quae
896 170 1047 207 victoria

64 215 171 243 tantae
193 206 265 242 fuit
289 205 426 244 Atticis
452 209 585 244 laetitiae
604 235 616 254 ,
651 221 691 245 ut
716 220 790 247 tum
809 213 960 257 primum
979 227 1063 251 arae»

63 247 122 285 ΡΛ
134 261 180 286 e1
200 252 348 295 publice
368 251 438 288 fint
453 253 576 298 factae,
596 254 704 298 eique
724 255 799 291 deae
817 259 984 301 pulvinar
1001 259 1044 296 fit

61 293 278 331 institutum.
328 294 441 340 Cujus
465 297 580 333 laudis
609 308 649 333 ut
668 302 839 336 memoria
859 313 1047 350 maneret,

42 335 261 379 ¹Timotheo
288 341 435 384 publice
464 340 609 378 statuam
635 343 672 378 in
699 344 784 380 foro
811 347 1043 390 posuerunt:

59 383 122 425 qui
140 385 259 420 honos
278 385 360 420 huic
379 387 443 421 uni
461 396 542 421 ante
564 389 635 423 hoe
650 397 791 432 tempus
802 392 1048 440 contigitzut,

61 438 169 470 quum
186 429 281 472 patri
299 431 459 473 populus
478 430 622 467 statuam
640 433 836 478 posuisset,
855 435 942 478 filio*
954 447 1046 479 quo·

60 482 129 513 que
145 472 266 523 flaret.
291 474 468 524 Sicjuxta
485 474 600 526 pofita
618 488 744 514 reeens
761 477 852 525 filii,
879 488 1042 520 veterem

57 525 170 560 patris
190 528 380 555 renovavit
397 531 616 556 memoriam.

418 563 449 598 C
474 576 499 599 A
524 575 558 600 Ρ.
608 561 692 601 111.

55 599 184 674 Hic
212 616 318 650 quum
346 606 434 643 effet
457 619 586 654 magno
614 619 698 644 natu
716 636 728 655 ,
764 608 801 647 δε
822 611 1045 659 magistram

150 661 275 701 gerere
295 651 435 687 defiffet
451 677 464 697 ,
501 653 602 688 bello
623 653 865 692 Athenienses
884 659 1045 702 undique

54 704 171 737 premi
197 693 281 730 sunt
299 696 421 739 coepti.
471 695 668 732 Defecerat
684 699 804 734 Samus
825 713 834 735 :
869 701 1046 740 descierat

56 737 346 783 Hellespontus:
368 740 558 785 Philippus
576 742 644 784 jam
664 752 736 778 tum
755 745 877 780 valens
897 748 1043 791 [Mace-

55 782 127 861 dg]
143 784 478 820 multamoliebatnr
491 797 498 819 :
511 786 570 820 cui
581 787 774 830 oppositus
787 789 919 826 Chares
932 803 1043 835 quum

54 838 74 862 e
106 836 143 862 et
161 854 174 873 ‚
211 840 287 863 non
314 828 395 864 satis
422 829 459 864 in
480 840 526 864 eo
543 831 700 873 praefidii
719 834 921 875 putabatur.
981 836 1043 871 Fit

53 871 290 907 Menestheus
308 882 464 918 praetor‚
490 873 587 909 filius
606 875 797 919 Iphicratis
809 888 830 921 ,··
846 891 960 925 gener
976 879 1041 915 Ti-

52 917 216 961 mothei,
244 915 280 952 &
299 926 339 952 ut
356 917 401 952 ad
418 919 554 952 bellum
575 920 846 967 proficiscatur,
873 923 1044 960 decerni-

53 969 122 995 tur.
151 960 249 996 Huic
266 961 303 996 in
323 961 514 997 confilium
533 963 664 999 dantur
682 965 755 1001 duo
776 967 839 1001 usu
849 967 1041 1011 sapientia-

79 1016 123 1039 ue
143 1004 353 1048 praestantes
369 1007 538 1050 [quorum
559 1007 719 1044 consilio
739 1015 918 1058 uteretur]
939 1023 1045 1056 pater

51 1016 92 1084 ἓι
110 1049 214 1093 socer
233 1061 241 1083 :
285 1052 383 1092 quod
402 1051 438 1084 in
456 1051 512 1084 his
530 1060 624 1086 tanta
642 1062 716 1087 erat
733 1056 924 1091 auetoritas
943 1083 956 1101 .,
999 1066 1043 1093 ut

50 1104 176 1140 magna
194 1093 275 1137 spes
295 1095 403 1139 estet,
429 1105 493 1138 per
511 1106 574 1130 eos
594 1096 711 1132 amiss'a
728 1098 828 1140 poss'e
845 1111 1036 1144 recupera-

49 1137 94 1173 ri.
156 1137 210 1173 Hi
229 1149 335 1181 quum
352 1139 487 1174 Samum
507 1139 666 1182 profecti
684 1142 816 1187 ess'ent,
851 1141 887 1179 ὄε
908 1145 1040 1182 eodem

52 1181 186 1218 Chares
204 1207 216 1227 ,
252 1182 408 1218 adventu
428 1194 553 1219 eorum
573 1186 749 1235 cognito,
785 1198 864 1222 cum
881 1188 952 1224 suis
971 1200 1036 1225 co-

51 1227 122 1270 piis
150 1225 448 1270 proficisceretur
466 1254 478 1274 ‚
513 1239 558 1263 ne
579 1229 665 1271 qllld
683 1231 829 1266 absente
846 1232 882 1266 se
901 1232 1039 1278 gestum

48 1270 254 1307 videretur:
287 1271 442 1317 accidit,
477 1283 584 1315 quum
603 1273 646 1308 ad
664 1274 815 1310 insulam
835 1279 1035 1322 appropin-

49 1325 220 1360 quarent,
240 1325 280 1350 ut
297 1326 420 1362 magna
438 1316 626 1360 tempestas
647 1319 822 1355 oriretur:
839 1333 941 1364 quam
961 1322 1036 1358 evi-

47 1369 120 1395 tare
141 1359 214 1395 duo
233 1369 374 1396 veteres
393 1361 628 1405 imperatores
640 1364 731 1398 utile
743 1365 925 1411 eminati,
939 1367 1033 1403 suam

48 1404 189 1440 classem
208 1404 488 1449 suppresserunt.
530 1405 582 1442 A't
600 1406 663 1443 inc
683 1410 867 1444 temeraria
886 1411 965 1446 usus
983 1423 1036 1447 ra-

51 1449 154 1484 tione
174 1461 250 1485 non
269 1450 367 1484 cessit
385 1446 557 1494 maiorum
574 1461 658 1486 natu
678 1454 904 1490 auc‘toritati:
939 1453 975 1492 ὃς
994 1465 1036 1492 ut

48 1492 86 1528 in
105 1493 165 1529 sua
176 1494 256 1529 navi
271 1494 358 1529 ess'et
367 1493 512 1530 fortuna
522 1522 534 1540 ‚
547 1508 619 1539 quo
632 1498 893 1544 contenderat,
907 1511 1034 1543 perve-

48 1539 136 1574 nit:
169 1538 372 1582 eodemque
391 1547 430 1574 ut
447 1539 685 1583 sequerentur
740 1542 783 1577 ad
800 1542 1035 1581 Timotheum

49 1578 87 1616 δι
114 1583 330 1627 Iphicratem
350 1584 515 1619 nuntium
533 1584 637 1620 mifit.
688 1567 787 1622 ilinc
806 1589 896 1624 male
914 1600 952 1624 re
972 1601 1035 1635 ge-

48 1624 119 1671 sta,
147 1628 394 1671 compluribus
414 1629 536 1665 amiffis
557 1630 727 1676 navibus,
755 1631 909 1677 eodem,
936 1634 1034 1669 unde

51 1679 127 1706 erat
143 1671 329 1715 profectus
395 1671 430 1707 se
449 1675 591 1718 recepit
609 1700 620 1718 ‚
656 1675 850 1719 litei-asque
869 1677 1032 1714 Athenas

45 1715 193 1758 publice
211 1697 404 1761 misit‚1⁷ibi
421 1718 590 1760 proclive
607 1719 711 1754 fuisse
729 1721 866 1755 Samum
887 1732 1032 1767 capere,

48 1757 113 1793 nisi
132 1769 151 1793 a
168 1757 367 1796 Timotheo
386 1758 424 1796 δι
444 1762 623 1805 Iphicrate
642 1762 804 1799 desertus
822 1765 920 1800 efl'ct.
972 1766 1032 1802 Ob

47 1813 124 1837 eam
151 1814 226 1838 rem
253 1804 290 1839 in
309 1806 442 1840 crimen
461 1807 696 1843 vocabantur.
743 1807 903 1851 Populus
924 1820 1030 1854 acer,

45 1846 211 1890 suspicax
229 1872 241 1892 ‚
275 1849 446 1893 mobilis,
480 1849 721 1895 adversarius,
756 1852 903 1887 invidus
923 1854 1030 1888 etiam

46 1892 244 1935 potentiae‚
271 1891 416 1926 domum
434 1903 601 1927 revocat:
621 1895 830 1930 accusantur
845 1896 1033 1939 proditio-

49 1934 118 1970 nis.
168 1935 254 1970 Hoc
271 1935 410 1980 judicio
430 1935 613 1972 damnatur
627 1937 845 1974 Timotheus
864 1966 877 1984 ,
911 1941 1029 1984 lisque

47 1979 124 2023 ejus
143 1978 333 2015 aestimatur
349 1988 493 2015 centum
512 1981 669 2017 talentis.
712 1982 780 2018 Ille
801 1983 891 2019 odio
912 1984 1031 2031 ingra-

47 2030 92 2061 tae
110 2024 268 2066 civitatis
286 2025 452 2072 coaeum,
479 2023 690 2071 Chalcidem
708 2026 744 2064 se
761 2028 935 2110 contulgt.

941 2083 966 2110 Δ
991 2083 1025 2112 8·
