1170 2248
294 47 469 88 XVIII.
518 52 858 96 Eumenes.
1019 64 1064 110 ὃς

83 89 156 127 fuit
172 92 248 136 eius
267 93 453 132 inventum
466 124 477 142 ,
491 101 789 142 quemadmodum
807 105 900 143 stans
917 107 1060 151 jumen-

84 143 157 170 tum
175 137 336 174 calefieri
354 144 591 187 exercerique
618 147 760 193 posset,
787 161 858 193 quo
885 151 1062 189 libentius

82 177 120 214 ὅ(
139 180 222 216 cibo
240 191 422 229 uteretur,
448 184 486 222 ὅς
504 199 522 222 a
539 191 707 234 corporis
726 204 828 230 motu
846 207 920 232 non
939 208 1062 233 remo·-

79 232 236 260 veretur.
285 228 553 276 Substringebat
571 244 680 279 caput
698 238 782 273 loro
801 240 908 276 altius
920 267 932 286 ,
953 253 1073 285 quam‘

77 276 118 301 ut
134 269 320 311 prioribus
338 273 492 315 pedibus
511 278 619 320 plane
649 289 776 317 terram
803 284 923 327 poss'et
949 287 1060 322 attin-

75 322 175 356 gere.
226 314 373 353 Deinde
393 319 476 362 post
494 323 705 360 verberibus
725 329 878 373 cogebat
896 330 1059 366 exsulta-

73 366 134 399 re,
163 354 200 392 δε
221 360 336 396 calces
357 364 555 401 remittere.
606 367 681 415 Qui
701 382 821 407 motus
841 385 916 409 non
938 375 1057 412 minus

72 398 240 437 sudorem
254 407 461 443 excutiebat
471 435 483 453 ,
497 420 598 452 quam
609 414 633 449 fi
645 416 681 448 in
693 414 810 458 spatio
830 417 1056 456 decurreret.

74 443 161 492 Quo
179 445 309 483 faci-um
329 450 400 496 est,
428 454 527 496 quod
547 457 713 494 omnibus
741 460 904 497 mirabile
931 462 981 498 est
999 463 1054 499 vi-

68 488 168 534 sum,
189 500 229 525 ut
244 493 403 535 jumenta
422 508 522 541 aeque
542 500 655 537 nitida
675 514 722 539 ex
741 504 890 541 castello
918 507 1054 544 educe-

69 542 147 578 ret,
174 546 280 577 quum
302 541 508 583 complures
528 546 667 582 menses
685 548 723 582 in
753 548 943 586 obsidione
962 552 1053 588 fuis-

67 575 144 622 set,
172 590 212 613 ac
232 579 255 615 si
276 582 312 616 in
330 594 432 628 camp
489 587 585 623 ribus
606 601 646 625 ea
663 592 758 627 locis
787 594 972 631 habuisset.
1007 597 1052 633 In

66 620 132 655 hae
152 625 409 672 conclusione,
433 641 455 672 q
483 632 718 677 otiescunque
738 637 881 682 voluit,
903 650 1050 684 appara-

66 673 140 700 tum
162 664 198 700 &
219 671 439 707 munitiones
459 673 641 723 Antigoni
659 680 744 715 alias
761 680 948 728 incendit,
962 686 1050 721 alias

63 708 221 752 disjecit.
271 712 409 751 Tenuit
429 727 549 755 *autem
577 721 614 757 se
634 734 709 759 uno
738 725 852 771 loco,
879 728 1046 770 quamdiu

61 751 132 788 fuit
150 754 274 792 hiems.
288 760 386 800 quod
406 761 553 799 castrum
575 765 727 803 subsidia
746 770 876 805 habere
889 784 963 808 non
975 784 1046 817 po-

61 804 174 842 terat,
202 797 238 834 &
259 813 322 837 ver
340 808 672 856 appropinquabat,
699 812 860 849 simulata
879 815 1043 853 deditio·

61 851 107 875 ne
119 868 131 886 ,
145 844 229 879 dnm
250 845 296 880 de
314 849 591 889 conditionibus
612 858 734 892 traetat
745 883 758 902 ,
771 859 951 901 praefee‘tis
962 861 1042 898 Au-

58 884 176 931 tigoni
196 889 387 933 imposuit:
413 895 522 940 seque
543 910 583 934 ac
610 899 697 937 suos
726 913 853 940 omnes
881 907 1042 943 extraxit

54 933 274 970 mcolumes.

416 982 448 1020 C
472 997 496 1022 A
521 998 555 1023 P.
605 988 670 1025 VI.

52 1019 150 1087 Ad
171 1022 266 1058 hunc
286 1023 496 1075 Olympias,
509 1043 622 1068 mater
641 1046 718 1077 quae
737 1036 854 1074 fuerat
872 1038 1037 1078 Alexan·

136 1064 213 1111 dri,
241 1080 347 1110 quum
368 1073 486 1110 literas
509 1074 546 1111 δε
569 1079 717 1116 nuntios
737 1082 878 1119 mififfet
896 1086 934 1121 in
955 1085 1036 1133 Asi->

51 1118 128 1153 am,
155 1112 383 1161 consultum,
414 1120 530 1155 utrum
560 1123 754 1166 repetitum
773 1128 1035 1168 Macedoniam

51 1154 194 1189 veniret
215 1158 314 1199 (nam
336 1169 409 1195 tum
428 1162 465 1197 in
486 1165 602 1208 Epiro
624 1168 818 1216 habitabat)
840 1171 876 1207 &
897 1186 953 1209 eas
973 1187 1033 1211 res

47 1207 264 1242 occuparet:
279 1203 361 1239 huic
382 1206 445 1241 ille
463 1209 616 1251 primum
634 1212 759 1259 suasit,
787 1227 831 1251 ne
850 1217 886 1251 se
905 1230 1034 1255 move-

48 1250 127 1286 ret,
151 1241 187 1278 ὃς
208 1245 458 1295 exspectaret,
480 1254 599 1295 quoad
617 1254 822 1294 Alexandri
841 1260 937 1297 filius
950 1275 1032 1309 reg-

44 1295 128 1319 num
149 1287 418 1331 adipisceretur.
451 1296 513 1331 Sin
534 1298 650 1342 aliqua
670 1302 869 1345 cupiditate
887 1317 1032 1350 rapere-

44 1337 102 1363 tur
120 1331 156 1365 in
178 1333 459 1385 Macedoniam,
486 1344 645 1379 omnium
665 1345 871 1389 injuriarum
893 1352 1030 1387 oblivi-

40 1372 222 1420 sceretur,
250 1377 286 1413 ἃ
307 1380 343 1415 in
361 1385 542 1420 neminem
561 1389 749 1425 acerbiore
770 1402 935 1430 uteretur
960 1397 1027 1431 im-

39 1419 159 1460 perio.
211 1422 354 1459 Horum
374 1427 463 1463 nihil
484 1441 526 1465 ea
542 1432 644 1468 fecit.
670 1433 763 1470 Nam
785 1434 822 1471 &
844 1438 881 1473 in
900 1440 1028 1476 Mace-

39 1461 184 1499 doniam
203 1468 368 1510 profesta
388 1470 462 1517 est,
475 1471 513 1509 (Sc
526 1475 575 1511 ibi
594 1478 831 1516 crudelislime
852 1483 888 1518 se
907 1485 1024 1529 gessit.

35 1503 146 1542 Periit
164 1520 282 1545 autem
303 1514 344 1548 ab
365 1515 529 1553 Eumene
549 1521 718 1567 absente,
746 1536 791 1559 ne
816 1536 1022 1575 pateretur,

34 1547 194 1595 Philippi
214 1554 342 1592 domus
364 1556 400 1595 δε
419 1561 564 1597 familiae
583 1565 844 1605 inimicissimos
873 1570 1023 1616 stirpem

34 1599 178 1639 quoque
201 1600 430 1650 interimere,
466 1607 648 1652 ferretque
679 1623 787 1655 opem
816 1615 942 1652 liberis
966 1617 1020 1653 A-

30 1638 209 1677 lexandri.
246 1643 362 1692 Quam
381 1650 521 1686 veniam
541 1651 566 1688 fi
587 1653 651 1689 fibi
672 1655 796 1703 daret,
823 1670 926 1702 quam
945 1664 1020 1705 pri-

29 1693 126 1718 mum
147 1691 329 1726 exereitus
349 1703 508 1740 pararet,
532 1708 622 1739 quos
642 1697 708 1734 fibi
728 1700 885 1741 subfidio
903 1706 1018 1742 addu-

28 1735 140 1778 ceret.
176 1730 218 1766 Id
240 1744 312 1776 quo
331 1735 474 1775 facilius
495 1740 656 1788 faceret,
682 1744 718 1780 se
738 1748 905 1784 omnibus
924 1762 1017 1793 prae-

26 1770 156 1817 scc‘hs,
184 1777 246 1818 qui
266 1777 302 1813 in
321 1780 445 1818 officio
474 1787 686 1832 manebant,
713 1790 836 1826 misisse
863 1794 1012 1838 literas,

25 1824 67 1849 ut
83 1816 117 1850 ei
136 1828 324 1867 parerent,
350 1826 500 1869 eJ'usque
520 1830 682 1867 confiliis
701 1843 903 1870 uterentur.
939 1837 1012 1874 His

23 1859 131 1895 rebus
152 1862 333 1902 Eumenes
351 1878 538 1911 permotus
559 1873 666 1910 satius
687 1876 816 1922 duxit,
841 1878 865 1914 fi
885 1880 934 1915 ita
952 1891 1010 1917 tu·

21 1902 117 1954 liffet
142 1905 290 1944 fortuna
307 1935 320 1953 ‚
354 1914 474 1954 pen're
501 1916 596 1952 bene
623 1919 762 1960 meritis
788 1923 1009 1963 referentem

18 1956 163 1994 granam
174 1976 185 1997 ,
214 1963 317 1998 quam
335 1955 514 2005 ingratum
532 1961 668 1999 vivere.

425 2089 499 2141 Fe,
851 2100 990 2142 cnr.
