1170 2248
111 59 160 95 68
345 55 610 136 Εοικέιιιι
641 55 876 136 ΝῙιίΡοτη

538 113 563 138 Α
590 113 623 137 ι’.
719 126 730 136 .

199 156 274 184 atus
295 146 408 193 igitur
425 156 549 198 patre„
571 157 644 190 quo
663 145 843 193 diximus,
864 143 1019 182 honesto
1039 155 1102 192 ge-

213 199 321 237 nere,
343 203 481 235 pauper
496 202 565 235 Jam
583 203 603 225 a
621 191 818 234 majoribus
839 191 998 226 relic'tus.
1048 192 1102 226 E-

115 237 258 272 ruditus
287 240 406 271 autem
433 234 480 270 fic
497 260 511 280 ‚
545 244 585 270 ut
618 246 727 270 nemo
753 234 946 270 Thebanus
975 236 1102 280 magis.

115 293 199 317 nam
219 279 257 316 ἃ
276 280 507 324 citharizare,
533 276 572 315 &
590 289 732 314 cantare
751 279 795 314 ad
814 278 1024 315 chordarum
1044 280 1103 314 so-

113 337 203 360 num
223 324 352 360 doetus
372 323 424 360 est
441 323 673 369 aDionyfi0:
694 323 755 366 qui
772 335 847 358 non
867 324 1008 358 minore
1027 323 1103 358 fuit

113 370 154 405 in
173 368 314 405 muficis
333 369 471 414 gloria,
498 379 604 412 quem
627 367 796 412 Damon,
820 377 880 402 aut
905 366 1102 411 Lamprus3

116 425 271 458 quorum
291 415 503 458 pervuloata
520 412 602 447 sunt
619 412 790 448 nomina:
811 411 1000 457 [carmina]
1021 423 1104 446 can-

115 467 195 494 tare
215 458 313 494 tibiis
334 459 376 494 ab
397 440 833 503 053·mpiodoro‚salta1·e
852 468 871 491 a
891 455 1102 499 Calliphro-

118 515 182 538 ne.
217 503 270 538 At
289 502 536 546 Philosophiae
555 510 818 545 praeceptorem
837 500 962 535 habuit
981 499 1103 545 Lysim

116 547 377 592 Tarentinum,
403 547 686 592 Pythagoreum:
713 546 772 580 cui
791 544 936 588 quidem
965 543 1013 579 fic
1032 545 1105 579 fuit

117 592 290 637 deditus,
303 602 344 626 ut
353 590 564 639 adolescens
586 589 721 625 tristem
741 587 778 624 δε
797 590 960 629 severum
979 589 1100 623 senem

116 637 290 673 omnibus
309 637 503 679 aequahbus
523 635 594 670 suis
623 635 660 670 in
687 634 929 669 familiaritate
947 642 1102 676 antepo-

116 681 250 716 suerit:
277 691 396 723 neque
414 679 514 723 prius
536 690 617 714 eum
637 690 655 713 a
674 678 710 713 se
732 677 932 722 dimiserit,
947 689 1048 720 quam
1065 677 1103 711 in

119 725 295 761 doetrinis
316 733 417 760 tauto
429 723 658 759 antecess'erit
676 721 978 766 condiscipulos,
992 730 1032 755 ut
1051 721 1102 755 fa-

117 771 192 806 cile
212 768 369 814 intelligi
388 768 520 812 posset,
533 768 611 811 pari
629 766 742 801 modo
764 765 1006 808 superaturum
1026 776 1103 800 om-

116 826 184 850 nes
205 814 241 848 in
260 814 392 848 ceteris
422 812 570 847 artibus.
618 810 744 853 Atque
773 811 848 844 haec
877 809 921 844 ad
949 807 1104 844 nostram

116 858 421 894 consuetudinem
441 855 523 891 sunt
541 856 648 899 levia,
661 852 698 889 &
718 854 843 898 potius
864 863 1103 888 contemnen-

117 903 235 938 dazat
253 903 291 937 in
313 901 454 938 Graecia
471 901 597 942 utique
618 899 708 934 olim
728 908 862 943 magnae
881 897 976 932 laudi
990 906 1104 932 erant.

116 946 307 990 Postquam
326 946 489 989 ephebus
515 944 627 979 faetus
658 941 730 987 cst,
759 940 796 978 ἃ.
823 940 991 985 palaestrae
1020 941 1104 976 dare

116 1003 268 1035 operam
287 991 419 1035 coepit,
444 1000 520 1024 non
539 998 609 1023 tam
629 986 867 1033 magnitudini
885 986 1014 1020 virium
1033 985 1108 1020 ser-

117 1037 238 1082 vivit,
253 1047 357 1080 quam
376 1033 580 1070 velocitati.
599 1032 696 1067 illam
715 1031 810 1066 enim
830 1030 873 1065 ad
893 1031 1106 1064 athletarum

117 1081 247 1126 usum,
272 1082 364 1116 hanc
382 1077 426 1114 ad
443 1077 534 1114 belli
553 1075 778 1112 existimabat
803 1075 998 1110 utilitatem
1024 1085 1106 1117 per-

119 1127 254 1161 tinere.
303 1125 428 1168 Itaque
449 1122 684 1158 exercebatur
701 1119 894 1164 plui-imum
922 1117 1106 1153 currendo

121 1167 161 1206 ἁ
181 1169 377 1214 Ιιιέὶειυάο,
404 1167 448 1203 ad
476 1178 559 1202 eum
585 1164 862 1210 finem7quoad
889 1161 980 1197 stans
1007 1173 1107 1197 com-

117 1215 234 1259 plecti
255 1214 394 1258 posset,
419 1221 526 1255 atque
547 1209 787 1246 contendere.
834 1208 877 1244 ln
895 1207 1001 1244 armis
1021 1207 1105 1252 plu·
1147 1247 1149 1249 ¹

118 1259 249 1295 timum
273 1258 380 1293 studii
403 1255 649 1293 consumebat.

467 1299 498 1336 C
523 1312 548 1335 A
571 1311 607 1335 P.
656 1298 725 1334 111.

118 1346 217 1418 Ad
234 1349 326 1383 hanc
343 1345 512 1390 corporis
534 1344 736 1379 firmitatem
757 1343 911 1387 plurima
939 1342 1043 1378 etiam
1070 1351 1105 1376 a·

219 1393 307 1428 nimi
326 1393 422 1427 bona
438 1389 666 1426 accesserant.
688 1389 774 1424 Erat
793 1387 888 1422 enim
907 1385 1105 1431 modestus,

119 1437 306 1483 prudens,
332 1435 471 1482 gravis,
497 1433 724 1477 temporibus
753 1432 938 1475 sapienter
964 1439 1068 1465 utens
1089 1455 1104 1474 ,

119 1483 261 1528 peritus
281 1481 372 1516 belli
421 1478 530 1514 fortis
550 1488 677 1522 mann,
704 1477 829 1512 animo·
842 1475 1022 1510 maximo:
1044 1473 1105 1509 ad-

119 1539 171 1564 eo
190 1526 352 1562 veritatis
372 1507 552 1569 diligens,
579 1532 619 1557 ut
639 1533 685 1557 ne
701 1522 790 1565 joco
811 1519 955 1564 quidem
974 1518 1105 1553 menti-

119 1581 234 1607 retur.
291 1569 392 1605 Idem
417 1567 635 1612 continens‚
671 1566 855 1608 clemens,
890 1562 1106 1607 patiensque

119 1613 364 1651 admirandum
383 1613 421 1648 in
440 1611 587 1648 modum
598 1622 614 1644 :A
629 1621 706 1646 non
726 1609 841 1644 solum
859 1607 1015 1651 populi,
1043 1605 1108 1642 sed

119 1660 228 1696 etiam
240 1659 434 1694 amicorum
443 1657 565 1692 ferens
574 1654 720 1697 injurias
733 1666 741 1688 :
754 1651 988 1696 inprimisque
1000 1661 1099 1686 com-

119 1703 218 1740 missa
236 1700 490 1746 celan83quod
511 1698 691 1734 interdum
711 1708 786 1733 non
805 1696 921 1730 minus
941 1693 1103 1740 prodest,

120 1759 226 1792 quam
244 1746 375 1781 diserte
389 1745 526 1779 dicere.
551 1741 740 1778 studiosus
759 1739 944 1776 audiendi.
967 1750 1014 1774 cx
1032 1739 1106 1775 hoc

118 1792 221 1828 enim
239 1790 414 1825 facillime
434 1787 525 1823 disci
551 1787 794 1822 arbitrabatur.
844 1784 970 1828 Itaque
998 1794 1107 1826 quum

121 1838 160 1871 in
180 1835 354 1871 circulum
371 1832 538 1877 venisset,
551 1831 589 1866 in
610 1842 683 1874 quo
701 1840 762 1866 aut
780 1829 826 1865 de
845 1827 1031 1872 republica
1050 1827 1107 1863 di·

119 1881 349 1924 sputaretur,
369 1887 429 1912 aut
446 1876 492 1911 de
513 1874 744 1920 philosophia
760 1873 876 1909 sermo
896 1873 1101 1918 haberetur,
1151 1906 1154 1909 .

119 1935 300 1967 nunquam
319 1921 405 1957 inde
425 1922 523 1965 prius
543 1919 711 1964 disceffit‚
724 1930 828 1962 quam
846 1917 889 1953 ad
906 1916 1014 1952 finem
1031 1909 1105 1951 ser-

117 1979 180 2004 mo
202 1968 288 2003 esset
306 1966 493 2002 adductus.
517 1963 767 2008 Paupertatem
784 1962 877 1998 adeo
894 1961 1002 1996 facile
1021 1971 1105 2004 per-

121 2012 241 2056 pessus
271 2009 345 2054 est,
371 2019 412 2045 ut
436 2009 483 2044 de
512 2009 655 2052 republ.
680 2007 771 2042 nihil
797 2016 926 2050 praeter
953 2004 1103 2040 oloriam

118 2056 274 2102 ceperit.
298 2053 514 2093 Amicorum
531 2053 571 2092 in
597 2052 634 2091 se
659 2050 800 2089 tuendo
821 2051 935 2089 caruit
950 2031 1101 2085 faculta-

987 2093 1095 2130 tibus.
1148 2119 1150 2123 -
