1170 2248
100 0 103 5 “
143 0 161 14 ’7
181 0 189 2 ’“
239 2 244 7 ·
291 0 387 15 αντ-ν’

255 9 285 25 ,ὦ

205 22 257 36 ..ςα-

123 71 172 104 62
251 83 255 86 ·
355 63 617 102 Coum-:211
655 61 885 100 Naro-ns

129 112 255 148 cultu:
281 108 357 155 ipse
377 108 506 156 agresti
524 108 664 153 duplici
681 109 838 145 amiculo
859 104 1115 155 circumdatus,

128 157 292 200 hirtaque
312 155 455 200 tunica,
481 164 610 200 gerens
635 153 673 188 in
699 153 819 197 capite
846 153 981 197 galeam
1008 165 1117 189 vena-

129 201 281 246 toriam,
307 199 435 235 dextra
461 209 566 234 manu
584 199 740 243 clavam,
766 196 901 233 sinistra
921 199 1113 243 copulam,

126 256 198 288 qua
215 245 374 280 vinetum
391 253 473 279 ante
491 243 527 279 se
551 241 693 288 Thyum
714 242 862 288 agebat,
887 251 928 277 ut
953 242 979 278 fi
1005 243 1119 278 feram

128 287 278 324 bestiam
296 299 434 333 captam
451 287 614 338 duceret.
636 286 755 336 Quem
773 297 879 330 quum
891 297 1019 322 omnes
1030 298 1116 330 pro-

128 333 152 369 s
146 334 316 377 picerent
325 342 479 378 propter
487 341 684 368 novitatem
703 340 849 367 ornatus
859 357 871 376 ,
884 332 1117 375 ignotamque

128 378 304 424 formam,
331 378 380 414 ob
407 388 554 421 eamque
582 387 656 412 rem
680 386 825 422 magnus
851 376 938 411 ess'et
962 386 1118 411 concur—

129 422 188 458 sus
199 449 212 468 ,
237 423 308 458 fuit
325 433 402 458 non
421 433 530 469 nem-0
542 447 554 467 ,
571 420 634 464 qui
653 420 865 466 agnosceret
881 419 1021 466 Thyum
1033 445 1045 464 ‚
1059 431 1116 455 re-

130 468 241 549 {ique
259 467 454 503 nuntiaret.
505 466 625 502 Primo
645 477 722 500 non
746 464 956 500 accredidit.
991 464 1117 508 Itaque

161 513 393 548 harnabazum
425 510 518 547 mifit
545 511 773 554 exploratum
795 522 803 544 :
829 521 848 544 a
875 521 947 552 quo
977 518 1018 544 ut
1043 520 1119 545 rem

130 556 261 604 gestam
281 557 483 604 comperit,
517 555 632 592 statim
659 554 800 591 admitti
823 554 938 599 justit,
971 565 1118 599 magno-

131 602 446 646 pere‘deleetatus
474 610 555 637 cum
582 602 700 646 facto,
736 610 811 634 tum
830 609 979 634 ornatu:
1005 598 1118 642 inpri-

130 646 198 682 mis
227 647 327 690 quod
353 647 488 682 nobilis
514 656 577 681 rex
603 645 641 680 in
667 643 883 689 potestatem
911 642 1121 686 inopinanti
1169 678 1170 690 ἶ

130 701 292 727 venerat.
333 691 458 735 Itaque
478 689 666 736 magnifice
685 688 860 724 Datamen
885 687 1057 724 donatum
1076 687 1121 722 ad
1169 693 1170 701 ¹

131 735 333 771 exereitum
365 734 458 770 mifit
475 760 488 779 ‚
530 735 591 778 qui
617 743 691 768 tum
719 733 999 768 contrahebatur
1024 731 1118 767 duce

130 779 361 816 Pharnabaeo
383 777 419 815 &
440 777 643 814 Tithmuste
662 776 705 812 ad
728 778 863 812 bellum
880 777 1092 821 rEg3⁷pti1111i
1105 802 1118 822 ‚

130 824 280 868 parique
300 836 404 869 eum,
417 834 522 867 atque
540 824 627 858 illos
640 849 650 867 ‚
665 821 819 865 imperio
831 821 900 855 effe
921 822 1028 864 justit.
1048 820 1120 856 Po-

131 868 204 904 stea
220 879 309 903 vero
339 880 441 912 quam
461 868 725 903 Pharnabazum
743 877 809 903 rex
828 865 1037 911 revocavit,
1063 864 1121 903 illi

127 913 263 949 summa
279 912 425 958 imperii
443 913 570 948 tmdita
590 911 654 947 cst.

499 957 530 992 C
554 969 579 992 A
604 967 638 992 Ρ.
688 955 754 991 IV.

131 1001 251 1072 Hic
271 1013 378 1048 quum
398 1001 556 1038 maximo
585 999 706 1036 studio
735 1009 961 1045 compararet
979 999 1122 1036 exerci-

226 1057 322 1094 tum,
341 1049 609 1093 [Egyptumque
632 1044 816 1090 proficisci
835 1054 998 1091 pararet,
1025 1045 1122 1081 subi-

132 1102 174 1128 to
192 1105 212 1128 a
229 1103 313 1139 rege
331 1093 462 1128 litterae
481 1092 563 1126 sunt
583 1091 617 1125 ei
636 1089 764 1135 miss‘ae,
792 1099 832 1125 ut
851 1089 977 1134 Aspim
997 1101 1120 1136 aggre-

132 1136 304 1181 deretur,
328 1137 390 1180 qui
408 1135 617 1172 Cataoniam
636 1135 794 1170 tenebat.
822 1145 900 1178 quae
918 1146 1005 1181 gens
1025 1136 1123 1179 jacet

129 1182 236 1225 supra
256 1181 442 1226 Ciliciam,
469 1179 626 1216 confinis
648 1178 903 1223 Cappadociae.
952 1178 1122 1222 Namque

124 1225 243 1271 ¹Aspis
263 1225 451 1262 saltuosam
469 1225 661 1270 regionem
673 1250 685 1269 ,
699 1223 925 1267 castellisque
950 1223 1124 1260 munitam

128 1271 299 1307 incolens
312 1297 323 1316 2
337 1282 412 1306 non
432 1271 547 1307 solum
567 1269 722 1312 imperio
739 1269 834 1314 regis
855 1279 931 1303 non
950 1269 1116 1313 parebat;

128 1315 195 1351 sed
215 1315 320 1351 etiam
338 1315 508 1350 finitimas
529 1314 700 1364 regiones
719 1314 895 1356 vexabat,
908 1310 946 1347 ὃς
967 1324 1044 1356 quae
1063 1323 1120 1348 re—

130 1360 168 1405 gi
187 1369 440 1404 portarentur⁹
467 1358 678 1402 abripiebat.
727 1356 918 1400 Datames,
954 1356 1017 1392 etfi
1038 1357 1121 1392 lon-

128 1415 175 1450 ge
193 1405 314 1439 aberat
331 1405 372 1439 ab
398 1405 452 1439 his
480 1402 717 1448 regionibus,
744 1399 780 1437 ἃ
799 1413 818 1436 a
836 1402 969 1445 majore
996 1412 1035 1436 re
1062 1402 1122 1436 ab-

130 1449 373 1493 (trahebatur,
386 1458 504 1484 tamen
523 1448 617 1493 regis
635 1446 818 1482 voluntati
836 1456 973 1481 morem
992 1456 1121 1497 geren·
1147 1457 1151 1464 ·

132 1493 217 1528 dum
239 1493 394 1537 putavit.
438 1493 561 1536 Itaque
583 1502 662 1526 cum
681 1491 833 1535 paucis,
858 1489 921 1525 sed
938 1490 1024 1525 vir1s
1045 1489 1121 1526 for·

131 1538 251 1588 tibus²
279 1549 404 1573 navem
429 1535 663 1573 conscendit:
699 1533 928 1579 existimans,
954 1534 993 1570 id
1020 1533 1122 1578 quod

131 1582 444 1628 accid1t‚facilius
463 1583 499 1617 se
519 1580 787 1624 imprudentem
807 1590 912 1622 parva
929 1590 1033 1614 manu
1053 1590 1122 1622 op-

132 1627 326 1671 pressurum
340 1654 351 1671 ‚
380 1638 480 1669 quam
500 1635 679 1670 paratum,
693 1623 850 1667 quamvis
869 1634 998 1665 magno
1018 1635 1121 1659 exer-

133 1671 224 1708 citu.
274 1671 354 1707 Hac
373 1671 514 1708 delatus
543 1670 580 1706 in
610 1669 798 1713 Ciliciam,
826 1666 980 1713 egressus
1008 1667 1119 1713 inde,

98 1750 102 1754 .
131 1715 210 1753 dies
230 1719 429 1760 noctesque
449 1716 522 1752 iter
537 1713 865 1758 faciens‚'l¹aurum
886 1711 1044 1758 transiit,
1057 1723 1123 1748 eo-

136 1772 230 1806 que,
244 1773 317 1806 quo
336 1760 540 1804 studuerat,
558 1758 680 1794 venit:
707 1758 854 1801 quaerit,
875 1757 1003 1800 quibus
1022 1757 1120 1793 Iocis

130 1806 177 1842 fit
195 1805 326 1850 Aspis:
362 1804 556 1852 cognoscit
576 1802 671 1838 haud
691 1802 801 1847 longe
822 1802 961 1847 abess'e,
995 1801 1121 1845 profe-

133 1853 303 1895 c'lumque
331 1861 412 1886 eum
438 1858 619 1884 venatum.
647 1858 752 1890 quem
779 1846 862 1880 dum
889 1845 1119 1892 speculatur,
1169 1875 1170 1879 ,

131 1894 308 1932 adve‘ntus
328 1896 406 1939 ejus
432 1894 544 1929 caussh
561 1891 809 1938 cognoscitur.
858 1889 1011 1935 Pisidas,
1037 1901 1121 1926 cum

133 1939 202 1986 iis,
229 1951 320 1984 quos
339 1941 461 1975 secum
478 1939 628 1974 habebat
678 1935 721 1970 ad
748 1933 981 1970 refistendum
1008 1933 1119 1978 Aspis

134 1995 331 2028 comparat.
359 1983 402 2019 Id
421 1983 590 2018 Datames
610 1963 674 2016 ubi
694 1979 852 2025 audivit,
875 1991 969 2015 arma
984 1977 1115 2024 sumit,

133 2027 291 2072 suosque
313 2028 415 2072 sequi
434 2026 646 2071 jubetzipse
667 2035 763 2065 equo
783 2024 972 2060 concitato
989 2022 1032 2058 ad
1050 2023 1117 2059 ho-

134 2071 223 2112 stem
241 2073 397 2112 vehitur.
425 2083 528 2119 quem
545 2070 678 2119 procul
694 2064 803 2115 Aspis
822 2067 1055 2114 conspiciens
1074 2066 1120 2149 {s}
