1170 2248
121 53 167 90 86
373 52 904 106 Conmzmx'Nnror19

470 99 502 135 C
525 111 551 135 Δ
577 111 612 136 P.
660 101 761 137 VII.

121 143 263 211 Itaque
284 143 408 188 copias
429 145 635 190 contraxit,
659 145 797 181 bellum
816 145 982 183 adversus
1001 145 1114 184 Anti-

155 198 290 233 gonum
313 189 546 232 comparavit.
559 189 661 234 quod
678 201 748 226 una
759 201 861 227 erant
876 192 1111 229 Macedones

118 233 327 276 complures
355 234 522 279 nobiles,
548 234 585 269 in
609 235 666 270 his
693 234 907 281 Peucestes,
933 238 993 281 qui
1022 248 1108 273 cor-

120 277 224 320 poris
245 276 365 313 custos
385 278 502 314 fuerat
521 277 747 324 Alexandri,
775 288 849 315 tum
869 290 987 317 autem
1007 283 1107 317 obti-

122 322 229 357 nebat
248 321 448 358 Perfidem:
474 322 702 369 Antigenes,
727 325 830 368 cujus
860 324 924 360 sub
951 325 1109 370 imperio

118 367 274 409 phalanx
307 377 383 403 erat
421 367 703 404 Macedonum:
738 368 912 404 invidiam
944 381 1073 406 verens
1094 397 1108 416 ‚

119 413 243 461 (quani
261 421 380 446 tamen
401 412 564 459 effugere
583 424 660 449 non
679 413 822 458 potuit)
841 412 866 448 fi
886 415 1013 458 potius
1031 415 1109 459 ipse

118 456 324 501 aliemgena
349 456 474 491 summi
500 457 646 501 imperii
675 458 858 502 potiretur
875 483 887 503 ‚
917 470 1020 502 quam
1049 459 1111 495 alii

120 500 397 546 Macedonum,
430 512 583 544 quornm
615 502 668 537 ibi
701 513 777 538 erat
807 502 1036 539 multitudo:
1071 504 1112 540 in

122 545 316 588 principiis
346 546 495 582 nomine
522 545 725 582 Alexandri
752 546 873 582 statuit
900 548 1113 584 tabernacu-

122 590 197 624 lum
215 615 228 634 ,
253 590 291 624 in
320 601 440 634 eoque
467 590 589 626 sellam
617 603 680 627 aur
745 603 758 627 1
784 602 865 626 cum
892 591 1041 636 sceptro
1069 603 1112 628 ac

122 632 323 669 diademate
348 635 443 679 justit
470 636 596 680 poni,
631 648 705 679 eoq
733 647 752 671 e
781 646 907 671 omnes
942 637 1111 680 quotidie

123 679 348 724 convenire,
375 688 415 714 ut
442 679 494 713 ibi
517 680 563 715 de
583 680 726 715 summis
749 681 856 716 rebus
879 680 1032 717 consilia
1053 692 1110 717 ca-

118 732 324 765 petentur:
360 723 513 759 credens
541 725 682 760 minore
710 724 747 759 se
777 724 916 759 invidia
943 727 1024 762 fore
1044 752 1056 770 ,
1083 724 1109 760 fi

119 766 247 809 specie
264 767 430 813 imperii,
444 769 674 812 nominisque
693 767 920 804 simulatione
941 769 1109 805 Alexan-

119 810 200 857 dri,
225 812 360 847 bellum
380 812 568 848 videretur
584 812 840 849 administrare.
867 813 967 856 quod
991 812 1028 849 &
1055 815 1111 849 fe-

119 857 185 891 cit.
221 856 316 891 Nam
337 868 444 899 quum
471 868 545 892 non
566 857 609 893 ad
631 858 804 893 Eumenis
823 858 1023 903 principia,
1044 858 1109 893 scd

119 900 165 935 ad
184 900 282 946 regia
301 902 579 947 conveniretur,
605 912 712 946 atque
732 901 784 937 ibi
804 901 849 937 de
878 902 984 937 rebus
1015 902 1108 937 deli-

118 946 326 990 beraretur,
361 945 630 989 quodammodo
658 947 813 997 latebat:
849 957 958 990 quum
990 956 1110 986 tamen

118 1001 190 1034 per
208 1001 290 1026 eum
310 1002 421 1027 unum
441 1001 657 1037 gererentur
677 1002 811 1027 omma.

446 1036 478 1073 C
501 1048 527 1072 A
552 1048 586 1072 P.
637 1036 769 1072 VIII,

119 1078 241 1150 Hic
259 1080 297 1117 in
315 1080 500 1117 Paraetacis
521 1092 601 1117 cum
614 1079 809 1127 Antigono
828 1082 1021 1129 conflixit,
1034 1093 1110 1119 non

207 1126 285 1161 acie
304 1125 495 1171 instrusta,
523 1126 586 1162 sed
607 1127 644 1161 in
665 1126 818 1163 itinere:
845 1138 997 1171 eumque
1018 1128 1111 1163 male

115 1180 308 1214 acceptum
333 1172 370 1206 in
398 1172 560 1207 Mediam
588 1171 781 1207 hiematum
819 1173 944 1217 coegit
971 1171 1104 1207 redire.

118 1214 205 1258 lpse
226 1216 261 1249 in
282 1215 433 1251 finitima
461 1216 616 1262 regione
645 1214 797 1251 Persidis
827 1217 1018 1251 hiematum
1047 1228 1111 1251 co—

117 1261 199 1303 pias
226 1259 368 1304 divisit,
388 1272 464 1296 non
482 1271 524 1295 ut
550 1259 691 1305 voluit,
717 1260 780 1296 sed
799 1270 840 1295 ut
864 1261 1019 1296 militum
1044 1272 1109 1296 co-

118 1305 228 1348 gebat
255 1305 435 1340 voluntas.
477 1304 643 1348 Namque
673 1305 736 1339 illa
765 1306 918 1348 phalanx
946 1304 1114 1341 Alexan-

123 1348 179 1383 dri
198 1348 349 1394 Magni,
370 1360 447 1392 quae
468 1348 585 1384 Afiam
603 1359 826 1394 peragrarat,
848 1349 1112 1393 deviceratque

121 1391 270 1437 Perias,
282 1393 483 1428 inveterata
501 1405 582 1428 cum
593 1394 721 1439 gloria,
734 1403 808 1428 tum
829 1394 934 1428 etiam
947 1394 1110 1439 licentia,

118 1448 197 1473 non
218 1448 345 1481 parere
363 1437 399 1473 se
418 1438 591 1483 ducibus,
605 1438 667 1473 sed
687 1438 862 1481 imperare
882 1437 1110 1482 postulabat:

119 1491 163 1517 ut
183 1492 280 1517 nunc
299 1484 462 1517 veterani
480 1483 621 1518 faciunt
639 1481 767 1519 nostri.
816 1483 942 1526 Itaque
963 1483 1110 1526 pericu·

119 1527 198 1563 lum
219 1525 292 1572 est,
319 1538 364 1563 ne
382 1527 540 1573 faciant,
562 1527 672 1571 quod·
690 1528 747 1562 illi
771 1526 940 1562 fecerunt
967 1527 1027 1562 sua
1054 1528 1111 1562 in-

121 1572 363 1615 temperantia
388 1572 571 1616 nimiaque
599 1572 750 1607 licentia
768 1597 781 1617 ,
815 1581 857 1606 ut
885 1572 1004 1607 onmia
1030 1583 1112 1615 per-

122 1615 212 1651 dant
222 1614 244 1661 ‚'
261 1627 381 1659 neque
403 1618 520 1653 minus
551 1628 638 1661 eos,
659 1627 740 1651 cum
768 1617 898 1659 quibus
918 1615 1108 1661 steterint,

123 1671 227 1703 quam
247 1660 414 1696 adversus
435 1672 525 1705 quos
545 1662 717 1696 fecerint.
745 1660 858 1709 Quod
877 1659 902 1695 fi
922 1661 1000 1703 quis
1021 1660 1109 1696 illo-

121 1715 200 1740 rum
219 1715 470 1740 veteranorum
490 1707 586 1750 legat
603 1705 716 1749 faffta,
742 1707 841 1748 paria
867 1705 996 1740 horum
1023 1716 1068 1740 co
1096 1724 1113 1731 -

122 1748 268 1785 noscat:
294 1760 412 1792 neque
431 1760 506 1785 rem
527 1747 733 1794 ullam,nifi
754 1758 919 1794 tempus,
941 1749 1058 1784 intere
1089 1760 1111 1785 e

120 1793 282 1838 judicet:
308 1793 375 1830 sed
397 1793 440 1829 ad
460 1794 546 1830 illos
567 1804 738 1829 revertar.
788 1793 953 1828 Hiberna
978 1793 1108 1829 sumse-

125 1848 205 1873 rant
221 1850 298 1874 non
315 1838 359 1873 ad
386 1838 486 1874 usum
513 1839 624 1884 belli,
651 1838 713 1874 sed
743 1836 788 1873 ad
815 1837 975 1882 ipsorum
1002 1839 1109 1873 luxu-

125 1883 232 1917 riam:
258 1883 443 1930 longeque
464 1882 561 1919 inter
576 1882 612 1918 se
633 1882 875 1918 discefferant.
926 1882 1013 1918 Hoc
1031 1882 1110 1918 An-

124 1927 272 1973 tigonus
292 1939 401 1971 quum
419 1928 663 1973 comperisset,
675 1928 974 1973 intelligeretque
994 1926 1030 1962 sc
1050 1938 1110 1970 pa-

126 1982 201 2007 rem
221 1984 296 2008 non
318 1973 388 2008 effe
406 1974 535 2017 paratis
561 1972 794 2017 adversariis,
821 1970 945 2007 statuit
973 1970 1110 2014 aliquid

124 2014 191 2051 fibi
219 2016 364 2052 consilii
392 2018 480 2052 novi
507 2017 576 2053 esse
603 2016 834 2061 capiendum.
890 2016 983 2051 Duae
1009 2024 1113 2050 erant

126 2061 193 2100 vioe
207 2087 220 2111 ,
247 2073 314 2109 qua
333 2072 384 2101 ex
400 2061 550 2111 Medis,
576 2062 642 2101 ubi
662 2062 730 2100 ille
758 2060 955 2108 hiemabat,
977 2059 1020 2096 ad
1049 2059 1111 2094 ad-
