1170 2248
53 24 69 31 ς

231 56 312 96 XV
373 58 906 107 ΕΡΛΜῙΝοΝΒΑς.
1022 79 1068 120 67

87 101 186 139 Huic
203 103 439 142 Mithridates
460 117 540 142 cum
560 120 659 156 uno,
673 112 732 147 cui
751 115 936 152 maximam
955 117 1065 155 habe-

84 147 143 183 bat
160 147 290 194 fidem,
303 160 387 185 ante
407 151 549 195 aliquot
567 153 644 189 dies
665 158 788 203 venit,
801 162 1068 205 compluribus-

84 201 155 234 que
175 193 269 228 locis
288 194 477 238 separatim
496 197 639 242 gladios
670 201 813 248 obruit,
839 215 951 250 eaque
980 208 1065 246 loca

82 235 282 281 diligenter
300 248 417 275 notat.
466 240 553 284 Ipso
582 253 700 280 autem
719 248 961 292 colloquendi
981 253 1063 299 die,

82 280 250 327 nti-ique,
285 283 408 318 locum
438 287 499 328 qui
528 289 764 332 explorarent
783 318 795 336 ‚
829 303 937 338 atque
962 297 1065 341 ipsos

77 323 327 362 scrutarentur
345 354 356 372 ‚
384 329 546 366 mittunt.
596 332 744 370 Deinde
772 335 836 380 ipsi
864 340 947 375 sunt
973 353 1066 377 con-

107 369 196 404 rcssi.
233 369 306 406 Hic
325 384 432 415 quum
451 375 658 417 aliquandiu
686 379 723 414 in
753 382 948 426 colloquio
973 386 1064 422 fuis-

79 379 184 458 sent,
199 411 235 449 δε
253 414 383 452 diverti
404 418 655 467 disceffiffent,
681 423 821 468 jamque
841 430 972 471 procul
990 429 1064 466 Da-

79 465 193 493 tames
225 459 378 496 abess'et:
404 463 638 500 Mithridates
668 468 876 513 priusquam
905 473 948 509 ad
974 473 1063 512 suos

78 503 311 550 perveniret,
339 517 385 541 ne
415 517 515 550 quam
543 508 787 553 suspicionem
817 526 959 559 pareret
978 545 990 564 ‚
1023 519 1061 555 in

80 546 238 582 eundem
259 549 382 585 locum
401 553 616 598 revertitur,
642 565 747 600 atque
766 558 840 603 ibi,
867 561 929 596 ubi
947 564 1063 599 telum

76 599 155 624 erat
174 591 402 640 impositum,
416 596 576 642 resedit,
590 607 630 633 ut
649 598 675 633 fi
695 612 713 636 a
729 601 929 641 laffitudine
950 618 1062 652 cupe-

75 643 134 668 ret
160 637 408 678 acquiescere:
434 638 692 684 Datamemque
720 649 930 695 revocavit,
956 650 1060 687 fimu-

72 677 151 712 lans
184 679 220 714 se
241 681 407 723 quiddam
427 684 464 717 in
483 686 676 729 colloquio
705 688 775 724 effe
801 692 971 730 oblitum.
999 696 1060 731 In—

72 721 180 756 terim
199 724 333 769 telum‚
360 727 460 768 quod
480 728 633 774 latebat,
660 735 840 781 protulit,
869 739 1059 776 nudatum-

74 775 143 808 que
163 768 288 819 vagina
304 769 401 805 veste
423 773 538 817 texit,
564 785 603 809 ac
623 774 773 815 Datami
792 781 958 819 venienti
985 787 1057 832 ait,

73 809 343 855 digredientem
371 815 406 850 se
436 817 717 856 animadvertisse
737 848 749 867 ‚
793 824 915 861 locum
944 839 1058 872 quen-
1083 861 1085 863 .

73 853 175 905 dam²
201 856 262 899 qui
282 867 357 893 erat
378 860 414 895 in
435 861 658 909 conspeetu,
684 865 728 900 ad
749 867 856 905 castra
883 874 1058 915 ponenda

71 897 349 948 esse-idoneum.
402 903 522 953 Quem
543 917 650 950 quum
675 909 791 955 digito
820 915 1054 964 monstraret,

72 939 110 976 δε
140 943 204 978 ille
234 945 466 990 conspiceret
484 975 496 994 ‚
532 951 691 987 aversum
717 955 816 992 ferro
845 962 1054 998 transfixit:

71 986 244 1037 priusque
256 1014 268 1033 ,
291 1001 393 1033 quam
413 993 597 1036 quisquam
618 997 737 1040 posset
755 999 963 1041 succurrere
975 1033 987 1052 ‚
1001 1008 1056 1044 iu-

67 1033 227 1067 ter-lecit.
259 1033 312 1068 Ita
330 1035 407 1081 vir,
435 1038 495 1079 qui
516 1040 650 1076 multos
670 1042 850 1091 consilio,
872 1051 1054 1089 neminem

68 1073 219 1118 perfidia
239 1087 408 1126 ceperat,
434 1081 593 1120 fimulata
611 1095 735 1129 captus
756 1087 808 1124 est
827 1094 998 1132 amicitia.

75 1161 232 1226 XV.
270 1165 1035 1242 EPAMINONDAS.·

452 1270 592 1310 CAP.
642 1275 673 1312 Ι.

139 1343 489 1385 PAMINONDAS
514 1348 754 1389 POLYMNI
788 1353 830 1391 F.
855 1353 1052 1392 THEBA-

150 1390 262 1427 NUS.
312 1391 373 1429 De
404 1394 475 1429 hoc
504 1395 707 1440 priusquam
733 1398 949 1447 scribamus,
975 1403 1052 1438 haee

67 1435 315 1479 praecipienda
333 1437 505 1474 videntur
522 1440 724 1477 lee‘toribus
736 1469 748 1488 ‚
763 1455 808 1480 ne
819 1446 959 1482 alienos
970 1458 1031 1482 mo
1044 1468 1052 1475 ·

63 1489 121 1514 res
141 1479 186 1514 ad
205 1479 289 1515 suos
312 1481 494 1527 referant3
520 1495 612 1520 neve
635 1497 696 1532 ea,
710 1499 787 1530 quae
807 1489 890 1532 ipsis
910 1492 1048 1527 leviora

59 1521 163 1568 sunt,
185 1524 262 1568 pari
281 1525 394 1561 modo
414 1527 508 1571 apud
527 1538 671 1566 ceteros
690 1531 794 1568 fuisse
814 1535 1048 1571 arbitrentur.

59 1566 198 1603 Scimus
220 1569 320 1604 enim
347 1569 503 1606 muficen
534 1573 665 1610 nostris
693 1577 854 1613 moribus
885 1578 1000 1615 abesse
1030 1591 1050 1616 a

59 1612 237 1656 principis
249 1613 416 1659 persona,
430 1615 555 1652 saltare
575 1629 663 1655 vero
684 1621 789 1656 etiam
810 1622 847 1657 in
867 1623 966 1659 vitiis
976 1635 1047 1667 po-

57 1656 121 1690 ni:
148 1667 223 1699 quae
244 1659 364 1694 omnia
383 1659 478 1704 apud
500 1660 650 1698 Graecos
671 1661 707 1699 ἃ
737 1674 855 1711 grata,
883 1664 919 1703 &
941 1669 1050 1704 laude

57 1698 166 1745 digna
184 1700 377 1738 ducuntur.
429 1703 549 1758 Quum
579 1716 698 1743 autem
727 1711 933 1754 exprimere
961 1711 1046 1747 ima-

56 1744 178 1788 ginem
200 1745 476 1785 consuetudinis
496 1758 602 1794 atque
622 1752 705 1787 vitae
724 1755 876 1790 velimus
899 1757 1046 1800 Epami-

57 1788 190 1824 nondae
209 1815 222 1834 ,
256 1791 351 1826 nihil
377 1792 544 1830 videmur
567 1794 701 1832 debere
728 1801 1006 1841 praetennittere
1027 1826 1040 1846 ‚

55 1832 157 1875 quod
176 1834 357 1877 pertineat
376 1836 418 1871 ad
438 1848 514 1873 eam
534 1837 796 1877 declarandam.
847 1842 966 1891 Quare
987 1844 1044 1880 di-

20 1884 27 1889 *
58 1887 179 1912 cemus
205 1878 356 1920 primum
385 1879 431 1915 de
459 1892 595 1927 genere
624 1884 723 1928 ejus:
750 1885 885 1922 deinde
913 1887 1042 1932 quibus

55 1920 261 1965 disciplinis
282 1919 319 1957 δε
339 1934 357 1958 a
378 1924 505 1967 quibus
522 1925 565 1960 fit
585 1927 768 1964 eruditus:
794 1939 869 1966 tum
889 1930 935 1967 de
961 1943 1040 1969 mo·

51 1965 148 2001 ribus
160 1991 171 2010 ,
185 1966 398 2011 ingeniique
416 1967 649 2006 facultatibus
661 1997 673 2017 ‚
685 1969 722 2008 &
741 1972 767 2009 si
788 1985 855 2017 qua
873 1975 941 2023 alia
960 1976 1041 2023 dig-

51 2019 96 2044 na
121 2010 295 2046 memoria
323 2020 450 2048 erunt:
484 2012 669 2057 postremo
697 2016 742 2052 de
768 2019 874 2055 rebus
904 2019 1037 2066 gestis,

52 2063 130 2102 quae
147 2066 166 2092 a
184 2055 348 2102 plurimis
368 2056 1038 2144 omniumEanteponunturvirtutcillzug.

575 2114 596 2142 2
1033 2134 1043 2146 .

1050 2190 1064 2248 1.

1154 2180 1170 2248 5
