1170 2248
154 61 278 98 XXV.
303 61 397 98 T1·r.
422 61 656 100 Pomomus
679 63 876 102 Armene.
947 74 1024 113 109

33 105 176 144 “Primus
196 107 367 143 continet
391 119 447 144 res
472 109 584 155 gestas
611 121 735 155 regum
763 122 856 155 pop.
903 109 1020 148 Rom.

37 150 225 187 Secundus
254 150 290 186 &
321 153 473 198 tertius,
499 153 597 189 unde
627 166 776 198 qumque
797 155 923 191 civitas
943 166 1023 192 orta

38 194 83 232 fit
101 196 238 232 Italica.
263 196 322 232 Ob
344 208 445 240 quam
466 209 538 233 rem
560 209 686 233 omnes
708 206 857 246 Origines
876 200 1028 237 videtur

35 240 242 284 appellasse.
291 241 334 276 In
365 252 493 285 quarto
521 252 639 278 autem
668 244 806 279 bellum
833 243 1023 282 Poenicum

30 285 209 328 primum:
235 286 272 320 in
294 285 425 329 quinto
447 287 656 322 secundum.
706 287 828 332 Atque
848 290 922 325 haec
941 298 1027 325 0111ss

31 329 93 365 nia
120 330 343 373 capitulatim
372 330 454 366 sunt
490 332 598 367 dieta.
657 331 888 377 Reliquaque
923 334 1023 370 bella

32 372 111 416 pari
139 374 252 409 modo
280 375 490 419 persecutus
519 375 593 419 est,
620 377 731 420 usque
759 378 802 413 ad
832 387 1024 422 praeturam

33 417 109 453 Ser.
138 418 285 463 Galbae,
312 419 374 463 qni
393 419 547 464 diripuit
565 419 770 457 Lufitauos.
804 421 931 465 Atque
948 424 1018 458 ho·-

32 471 111 498 rum
138 463 320 498 bellorum
349 463 461 499 ducos
488 476 563 500 non
594 465 820 511 nominavit,
853 466 918 502 sed
943 465 1022 503 fine

33 506 242 542 nominibus
262 519 318 543 res
338 509 490 544 notavit.
516 509 558 544 In
580 510 707 545 iisdem
726 510 921 557 exposuit,
942 518 1023 555 quae

33 551 71 585 in
103 551 234 596 Italia,
270 551 531 596 Hispaniisque
560 553 774 590 viderentur
800 555 1020 592 admiranda.

30 594 73 630 In
96 595 224 638 quibus
243 597 359 632 multa
378 595 594 633 industria&
607 598 797 679 dilig-:ntia
816 610 1022 646 comparet,

32 640 144 674 multa
162 639 338 675 doetrina.
382 641 501 684 Hujus
523 642 569 676 de
587 643 661 678 vita
736 643 895 678 moribus
915 645 1020 686 phu-a

31 684 71 718 in
94 695 141 718 eo
161 684 256 720 libro
275 684 458 728 persecuti
478 686 618 731 sumus,
640 698 745 729 quem
765 687 951 730 separatim
971 687 1019 724 de

32 738 79 763 eo
98 728 251 763 fecimus
272 739 400 774 rogatu
418 729 501 765 Titi
521 731 719 774 Pomponii
737 730 871 768 Attici.
916 731 1019 782 Qua-

29 782 70 807 re
98 771 278 810 studiosos
297 773 449 812 Catonis
477 774 520 812 ad
548 775 641 812 illud
668 777 843 815 volumen
871 776 1017 824 delega-

28 826 119 855 mus.

425 866 470 914 X
486 867 531 914 X
543 869 608 916 V.

29 964 278 1042 VITA
312 972 407 1041 T.
448 972 1016 1050 POMPONII

295 1063 746 1148 ATTICI‚

119 1197 209 1249 EX
240 1199 598 1251 CORNELIO
632 1201 928 1254 NEPOTE.

17 1340 21 1341 γ
407 1307 441 1346 C
464 1321 489 1346 A
514 1319 549 1346 Ρ.
598 1309 629 1345 Ι.

25 1394 121 1464 Τ.
147 1393 442 1434 POMPONIUS
466 1397 686 1438 AT'HCUS
697 1427 710 1446 ‚
730 1401 773 1437 ab
792 1402 933 1448 origine
953 1403 1010 1439 ul-

147 1442 232 1476 tima
251 1442 371 1486 stirpis
390 1443 568 1479 Romanae
612 1456 801 1491 eucratas,
826 1457 1014 1492 pei-petuo

23 1495 42 1519 a
59 1486 253 1529 majoribus
281 1497 461 1531 acceptam
482 1499 573 1531 eque
607 1501 680 1525 rem
711 1491 872 1526 obtinuit
891 1492 1011 1538 digni-

20 1537 142 1564 tatem.
171 1529 274 1566 Patre
294 1531 376 1566 usus
398 1531 447 1566 est
468 1532 667 1580 diligente,
693 1534 931 1586 indulgente,
945 1534 1011 1581 δε,

14 1583 66 1608 .ut
92 1583 167 1609 tum
193 1585 294 1610 erant
328 1585 514 1622 tempora,
542 1579 631 1623 diti,
667 1579 901 1623 inprimisque
937 1579 1008 1615 stu-

24 1617 131 1654 dioso
152 1618 362 1655 litterarum.
413 1621 486 1656 Hic
510 1634 621 1666 prout
641 1623 718 1667 ipse
746 1625 881 1660 amabat
906 1625 1011 1661 litte-

24 1672 102 1707 ras,
115 1663 282 1699 omnibus
302 1664 504 1710 doeh-inis,
518 1669 646 1710 quibus
665 1669 818 1712 puerilis
838 1677 920 1705 aetas
941 1670 1006 1705 in1-

22 1707 150 1749 pertiri
179 1707 313 1753 debet,
339 1709 455 1745 filium
483 1712 655 1747 emdivit.
706 1712 792 1748 Erat
820 1722 937 1750 autem
967 1714 1009 1750 in

23 1761 166 1796 puero,
191 1763 324 1796 praeter
340 1753 565 1791 docilitatem
585 1757 748 1803 ingenii,
773 1757 903 1793 summa
931 1757 1007 1792 sua-

23 1795 114 1830 vitas
135 1796 207 1832 oris
229 1808 268 1832 ac
286 1798 412 1844 vocis,
432 1808 474 1833 ut
493 1813 567 1837 non
587 1801 702 1837 solum
722 1802 895 1838 celeriter
912 1801 1007 1836 acci-

23 1848 153 1883 peret,
179 1851 256 1881 quae
276 1842 529 1889 tradebantur,
556 1846 617 1880 sed
644 1847 748 1880 etiam
778 1846 1012 1880 excellenter

23 1885 290 1926 pronuntiaret.
341 1885 421 1934 Qua
441 1898 486 1921 ex
506 1900 544 1923 re
564 1890 600 1923 in
622 1889 777 1932 pueritia
795 1889 931 1924 nobilis
950 1890 1007 1924 in·-

24 1935 82 1962 tcr
99 1929 250 1971 aequalcs
267 1929 470 1974 ferebatur,
497 1933 696 1973 clariusque
722 1932 1007 1977 exsplendesce-

18 1971 103 2017 bat,
117 1984 218 2015 quam
237 1973 400 2018 generosi
420 1976 663 2020 condiscipuli
681 1977 802 2012 animo
813 1988 916 2020 aequo
935 1978 1011 2013 fer-

15 2026 62 2051 ‘re
83 2017 240 2068 possent.
290 2017 412 2062 Itaque
433 2019 603 2055 incitabat
622 2031 746 2057 omnes
771 2020 889 2056 studio
916 2022 1006 2058 sno:

15 2071 96 2115 «quo
114 2073 153 2102 m
181 2073 331 2102 numero
359 2063 515 2115 fuerunt,
531 2064 580 2104 L.
601 2064 831 2116 Torquatus,
858 2065 901 2104 C.
923 2066 1004 2115 Ma-

929 2119 1065 2148 1108*

1149 2055 1170 2248 ὕμιῳ-ι-..ι
1163 2024 1170 2043 .-
1155 1957 1170 2016 aa>

1158 1761 1170 1908 —.c-··-
1161 1517 1170 1734 4.--.-.-
1165 1476 1170 1497 Α
1166 1416 1170 1425 -
