1170 2248
295 46 820 84 XII.CnAssn1As.
1006 57 1051 92 57

72 102 185 141 gypto
201 91 260 128 sua
275 94 406 136 sponte
425 93 536 138 gessit.
587 104 664 127 nam
682 91 930 127 Neaanebum
948 90 1049 136 adju-

69 149 143 174 tum
160 138 530 189 profec⁶tus‚regnum
550 137 584 171 ei
602 135 804 171 constituit.
830 136 934 171 Fecit
951 136 1050 171 idem

71 182 102 217 C
117 193 180 226 pri
198 207 210 227 ‚
245 181 308 216 sed
331 181 479 225 publice
504 182 545 216 ab
568 179 850 216 Atheniensibus
870 181 1046 226 Euagorae

67 194 212 270 anijutor
229 224 354 261 datus:
389 236 505 269 neque
523 225 622 268 prius
640 225 726 260 inde
745 224 919 269 discessit,
945 236 1048 267 quam

66 279 176 305 totam
196 269 343 305 insulam
362 270 463 305 bello
483 268 708 304 devinceret.
735 280 802 312 qua
819 279 866 304 ex
882 279 920 303 re
933 267 1048 303 Athe-

63 313 205 349 nienses
231 325 390 359 magnam
414 314 565 359 gloriam
589 314 671 348 sunt
694 312 829 356 adepti.
895 312 1045 347 Interim

63 358 198 393 bellum
224 358 322 393 inter
342 358 540 403 lligyptios
567 355 604 392 (St
623 357 742 392 Persas
758 356 958 393 ’conflatum
978 355 1043 392 est.

61 400 305 437 Athenienses
323 413 404 436 cum
414 402 618 437 Artaxerxe
630 402 840 437 societatem
853 401 1044 445 habebant3

61 444 333 481 Lacedaemonii
357 457 437 481 cum
460 445 643 491 Aigyptiis
661 471 674 490 ,
707 457 726 480 a
750 446 877 488 quibus
901 455 1044 489 magnas

59 489 195 532 praedas
215 489 400 535 Agesilaus
421 501 484 525 rex
504 501 628 525 eorum
646 490 813 525 faciebat.
842 488 1041 523 Idintuens

23 536 26 539 ⁴
60 533 232 568 Chabrias
244 560 255 578 ‚
270 545 375 577 quum
385 535 421 568 in
433 544 469 569 re
482 535 584 569 nulla
603 532 773 579 Agefilao
791 533 943 568 cederet
953 558 965 578 ,
978 531 1041 567 sua

57 577 191 621 sponte
226 589 291 613 eos
323 577 480 621 adjutum
512 578 698 621 proibetur,
731 577 913 621 AEgyptiae
947 575 1042 613 classi

56 621 223 665 praesuit:
250 621 476 699 pedestrilgis
495 622 622 700 copiis1
633 620 836 700 agesilaus.

472 676 497 700 A
524 676 557 700 P.
679 690 688 700 .

55 708 199 778 Tum
218 710 377 753 praefecti
395 710 487 754 regis
506 707 632 745 Perfiae
651 710 790 755 legatos
807 707 1042 745 miseruntA-

141 756 264 789 thenas
283 753 440 797 questum
452 780 464 798 ‚
478 753 578 796 quod
595 752 763 788 Chabrias
781 754 966 789 adversum
985 765 1042 788 re-

52 808 133 877 {em
150 799 286 833 bellum
308 807 452 844 gereret
470 809 549 832 cum
566 798 764 843 [Egyptiis.
791 797 1040 833 Athenienses

82 844 152 878 iem
176 852 309 877 certam
328 842 488 877 Chabriae
504 842 774 886 praestituerunt
790 867 803 887 ‚
838 853 940 885 quam
957 851 1040 877 ante

54 886 200 923 domum
219 885 283 921 nifi
303 886 470 930 redisset,
482 887 611 930 capitis
630 886 666 921 se
684 887 786 921 illum
806 884 1036 921 damnaturos

52 930 324 966 denuntiarunt.
374 930 460 965 Hoc
487 931 551 965 ille
572 930 702 966 nuntio
718 929 880 965 Athenas
900 930 1036 974 rediit,

52 986 171 1018 neque
190 974 247 1008 ib'r
261 974 397 1010 diutius
419 973 468 1009 est
487 984 644 1010 moratus
656 1000 668 1019 ,
704 985 805 1017 quam
823 974 894 1008 fuit
912 975 1038 1009 neces·

50 1018 101 1054 se.
150 1017 241 1054 Non
261 1019 355 1053 enim
376 1019 534 1053 libenter
553 1028 630 1053 erat
649 1027 734 1053 ante
754 1019 885 1053 oculos
904 1018 1038 1052 civium

51 1062 196 1097 suorum
210 1062 330 1105 :quod
348 1059 384 1097 ὃς
403 1062 547 1097 vivebat
565 1063 682 1106 laute,
696 1060 732 1096 ὀί
752 1061 962 1106 indulgebat
971 1059 1038 1097 fibi

49 1107 236 1142 liberalius
249 1131 261 1151 7
283 1117 381 1149 quam
401 1116 440 1140 ut
458 1105 627 1140 invidiam
647 1105 746 1150 vulgi
763 1105 881 1149 poss'ct
900 1105 1038 1150 effuge-

49 1162 102 1185 re.
149 1148 210 1185 Est
230 1151 324 1185 enim
342 1151 412 1185 hoc
433 1161 622 1192 commune
642 1150 766 1183 vitium
786 1150 822 1184 in
840 1150 974 1195 magnis
992 1149 1038 1184 li-

49 1195 219 1237 berisque
238 1195 442 1229 civitatibus
455 1203 519 1237 ,ut
535 1192 670 1229 inm'dia
687 1194 814 1239 gloriae
834 1204 955 1229 comes
974 1192 1032 1238 fit,

50 1235 88 1274 ἃ.
114 1239 273 1274 libenter
296 1238 341 1273 de
366 1238 420 1272 his
439 1238 624 1273 detrahant
642 1263 654 1282 ‚
690 1249 782 1280 quos
799 1239 959 1273 eminere
979 1237 1033 1271 vi-

10 1320 13 1325 ,
49 1282 159 1317 deant
177 1283 282 1317 altius
304 1294 313 1316 :
348 1293 465 1325 neque
483 1282 604 1316 animo
625 1292 727 1323 aequo
746 1292 926 1325 pauperes
945 1281 1035 1316 alie-

48 1334 128 1362 nam
148 1326 374 1369 opulentium
387 1325 777 1361 intuunturfortunam.
803 1326 929 1368 ltaque
940 1325 1033 1360 Cha-

46 1370 162 1415 brias,
190 1369 307 1413 quoad
327 1370 358 1404 ci
379 1370 536 1414 licebat,
564 1369 754 1413 plurimum
775 1370 906 1404 aberat.
954 1369 1034 1405 Ne-

37 1424 118 1458 ‘que
137 1425 224 1449 vero
245 1414 341 1449 solus
361 1413 424 1448 ille
442 1414 562 1448 aberat
579 1413 734 1449 Athenis
753 1413 910 1448 libenter
967 1412 1032 1448 sed

47 1468 175 1494 omnes
194 1459 271 1493 fere
292 1457 476 1501 principes
495 1457 663 1492 fecerunt
682 1457 798 1493 idem:
832 1469 904 1500 quo
951 1466 1028 1492 tan-

49 1511 123 1537 tum
149 1503 183 1538 se
208 1503 249 1537 ab
268 1501 406 1536 invidia
424 1502 595 1545 putabant
613 1502 754 1536 futuros
774 1527 786 1545 .,
824 1511 992 1544 quantum
1011 1513 1031 1537 a

44 1546 245 1590 conspecssu
261 1545 404 1581 suorum
416 1545 640 1580 recesslss'ent.
667 1546 789 1588 ltaque
803 1545 939 1581 Conon
949 1546 1033 1588 plu-

44 1590 172 1625 rimum
193 1590 307 1634 Cypri
327 1589 420 1624 vixit
437 1615 449 1634 ,
484 1589 682 1632 iphicrates
702 1590 739 1624 in
758 1589 930 1633 Thracia,
964 1588 1030 1623 Ti-

48 1635 215 1670 motheus
237 1633 368 1677 Lesbi,
382 1633 518 1668 Chares
540 1634 574 1667 in
595 1634 725 1679 Sigaeo.
754 1633 936 1668 Disshnilis
949 1634 1028 1676 qui-

46 1675 127 1713 dem
147 1677 281 1713 Chares
299 1689 424 1713 eorum
443 1677 545 1712 facitis
565 1675 602 1712 ἃ
621 1678 805 1724 moribus,
826 1677 889 1714 sed
907 1687 1027 1713 tamen

44 1720 200 1758 Athenis
221 1720 257 1757 ὃς
275 1723 471 1758 honoratus
491 1718 527 1756 ἃ
547 1731 696 1765 potens.

404 1765 434 1800 C
459 1776 483 1800 A
511 1776 543 1800 p,
593 1765 667 1801 IV.

45 1809 259 1878 Chabrias
283 1819 400 1844 autem
424 1809 536 1852 periit
553 1809 653 1845 bello
673 1809 796 1845 sociali
815 1811 877 1845 tali
895 1809 1023 1846 modo.

123 1853 391 1898 oppugnabant
425 1852 666 1888 Athenienses
691 1853 833 1889 Chium.
893 1855 1030 1889 eratin

43 1898 150 1934 classe
172 1897 316 1932 Charias
337 1897 518 1940 privatus,
553 1896 615 1930 sed
634 1908 760 1931 omnes
773 1923 784 1941 ‚
821 1898 880 1939 qui
900 1898 936 1932 in
955 1908 1026 1932 ma-

43 1941 188 1989 gistratu
207 1951 328 1984 erant,
354 1940 564 1975 autam-itate
584 1940 766 1983 anteibat3
792 1951 1024 1984 eumquenia-

42 1987 98 2033 gis
116 1986 248 2021 milites
260 2011 271 2029 ‚
285 1995 383 2028 quam
397 1984 454 2027 qui
466 1993 658 2028 praeerant,
671 1984 712 2019 as
735 1984 900 2020 iciebam.
928 1983 1021 2033 Quae

43 2041 100 2070 res
127 2029 162 2068 ei
180 2029 539 2109 maturavitmortessu
587 2025 682 2066 Nam
725 2039 783 2064 um
801 2028 934 2075 primus
956 2030 1027 2109 1311-

548 2081 564 2118 ⁵
988 2081 1025 2110 et
