1170 2248
393 13 418 26 N

110 74 157 108 66
359 67 621 106 CoRNnLn
643 67 877 106 Naro-ns

113 127 190 153 rum
211 122 311 151 erant
330 125 504 151 numero:
526 114 573 150 de
593 114 746 161 quibus,
769 114 870 158 quod
889 111 1105 151 inimicitie-

112 161 295 205 tulerant,
331 170 451 210 neque
481 159 726 204 credendum,
762 169 880 203 neque
910 159 1103 204 negligen-

113 205 199 240 dum
228 213 380 248 putavit.
417 203 577 248 experiri
610 204 728 240 voluit
763 214 888 239 verum
925 203 1104 239 falsumne

113 249 202 285 ess'et
221 249 387 284 relatum.
424 248 547 292 Itaque
569 259 614 283 eo
636 247 824 292 profectus
847 247 920 293 est,
948 259 1020 292 quo
1045 248 1105 283 iti-

112 304 201 330 nere
219 293 354 328 futuras
374 292 519 328 infidias
541 292 720 328 dixerant.
746 292 819 328 Sed
837 293 950 338 elegit
969 303 1103 336 corpo-

111 349 152 375 re
173 335 209 374 &
222 336 350 374 statura
368 337 584 373 simillimum
603 337 682 382 sui,
697 337 803 380 eique
815 335 982 372 vestitum
1003 337 1104 373 suum

113 383 359 429 dedit‚atque
381 394 426 418 eo
447 384 537 418 loco
557 383 634 428 ire,
649 393 721 425 quo
741 381 816 424 ipse
839 381 1101 434 consueverat?

110 428 219 479 juffit.
269 427 351 472 Ipse
373 437 494 463 autem
523 437 654 462 ornatu
686 425 928 478 [vestituque]
952 426 1101 461 militari

113 482 212 508 inter
231 473 398 517 corporis
419 470 588 507 custodes
608 472 679 507 iter
697 471 817 506 facere
837 479 961 515 coep1t.
974 469 1025 506 At
1044 470 1102 506 in-

111 516 298 554 fidiatores
311 544 323 563 ,
351 515 538 561 postquam
558 516 595 552 in
617 526 699 551 eum
719 516 843 551 locum
861 526 988 567 agmen
1018 526 1103 559 per-

110 562 237 612 venit,
264 562 414 606 decepti
435 560 567 597 ordine
587 570 693 604 atque
713 559 869 605 vestitu,
891 570 929 595 ln
949 569 1030 595 eum
1050 560 1102 595 faa

111 616 215 642 ciunt
235 609 431 651 impetum,
461 605 521 650 qui
542 604 746 649 suppositus
767 614 855 640 erat.
883 603 1104 640 Praedixerat

111 659 232 686 autem
252 652 307 686 his
327 650 496 686 Datames
509 661 614 694 ‚cum
637 649 765 694 quibus
785 649 857 685 iter
874 649 1104 694 faciebat‚ut

111 695 226 740 parati
248 695 363 730 essent
380 695 505 730 faeere
517 719 530 738 ‚
545 694 644 736 quod
664 693 779 737 ipsum
798 692 981 728 vidissent.
1003 693 1100 738 Ipse,

113 748 154 774 ut
184 748 445 775 concurrentes
472 738 698 774 insidiatores
728 736 1000 781 animadvertit,
1030 737 1103 772 tela

110 783 150 819 in
172 795 236 820 eos
258 784 435 829 conjecit.
471 782 558 818 Hoc
577 783 675 818 idem
694 793 802 825 quum
821 780 976 816 universi
994 780 1102 816 fecis-

109 827 212 873 sent,
239 829 444 872 priusquam
463 827 702 871 pervenirent
721 824 764 861 ad
785 837 890 871 eum,
915 835 1022 870 quem
1042 836 1102 872 ag-

111 873 217 920 gredi
237 873 434 918 volebaut,
459 871 599 952 ccbnfixi
618 869 848 950 cecjinerunt.

542 928 567 952 A
593 927 627 952 P.
717 939 727 950 .

110 959 238 1034 Hic
265 971 383 1000 tamen
411 970 481 998 tam
499 961 652 997 callidus
673 960 728 996 vir
746 968 912 996 extremo
933 967 1101 1003 tempore

199 1017 321 1052 captus
352 1005 403 1043 est
430 1005 685 1050 Mithridatis,
719 1003 977 1040 Ariobarzanis
1005 1004 1098 1048 filii,

112 1054 218 1090 dolo.
243 1052 410 1096 Namque
430 1051 460 1086 is
480 1050 670 1095 pollicitus
691 1048 742 1084 est
761 1049 861 1094 regi,
888 1048 924 1084 se
945 1059 1026 1084 eum
1045 1047 1101 1084 in·

109 1100 369 1141 terfeelurum⁹
395 1094 421 1132 fi
447 1097 482 1131 ei
509 1106 574 1131 rex
602 1094 858 1139 permitteret,
885 1103 948 1137 ut,
984 1092 1101 1136 quod-

110 1153 254 1187 cunque
276 1142 414 1186 vellet,
437 1141 567 1176 liceret
585 1140 733 1183 impune
751 1139 893 1174 facere:
918 1136 1100 1180 fidemque

112 1189 159 1224 de
180 1199 221 1224 ea
239 1196 413 1239 re2n10re
433 1183 638 1229 Persarum,
653 1183 780 1219 dextra
801 1181 968 1218 dediffet.
995 1181 1101 1216 Hanc

112 1243 152 1268 nt
171 1241 317 1276 accepit
337 1241 356 1266 a
375 1241 459 1276 rege
488 1229 643 1273 miss'am,
670 1228 796 1272 copias
825 1236 947 1273 parat,
975 1223 1011 1261 δε
1041 1226 1101 1260 ab-

111 1278 193 1314 sens
212 1275 406 1312 amicitiam
425 1285 504 1308 cum
525 1273 673 1308 Datame
695 1273 805 1315 facit,
833 1272 928 1317 regis
949 1270 1101 1314 provin-

111 1322 184 1358 cias
211 1328 340 1364 vexat‚
376 1317 521 1354 castella
551 1325 759 1362 expugnat,
795 1326 937 1362 magnas
964 1313 1100 1358 praedas

111 1366 232 1410 capit:
258 1374 402 1409 quarum
421 1371 560 1406 partem
579 1361 651 1396 suis
673 1359 864 1404 dispertit,
891 1368 1026 1403 partem
1056 1357 1099 1393 ad

111 1410 299 1448 Datamem
319 1407 441 1443 mittit.
464 1406 539 1450 pari
558 1405 670 1441 modo
693 1405 882 1448 complura
901 1401 1044 1440 castella
1064 1402 1102 1437 ei

110 1455 232 1491 tradit.
269 1453 359 1488 Haec
382 1452 444 1486 diu
463 1449 660 1493 faciendo,
686 1447 857 1494 persuasit
874 1447 1041 1490 homini,
1063 1445 1101 1482 se

110 1499 294 1536 infinitum
305 1495 471 1532 adversus
483 1506 605 1540 regem
617 1492 806 1537 suscepiss'e
818 1492 955 1527 bellum
967 1503 979 1536 3
992 1501 1099 1534 quum

111 1544 231 1580 nihilo
252 1542 386 1588 magis,
412 1551 459 1577 ne
489 1551 592 1584 quam
619 1538 865 1582 suspicionem
883 1537 940 1571 illi
963 1535 1102 1580 praebe·

111 1598 167 1626 ret
185 1587 412 1630 infidiamm,
440 1595 558 1629 neque
578 1582 807 1626 colloquium
837 1581 913 1626 ejus
944 1579 1100 1624 petivit,

110 1643 229 1676 neque
249 1632 286 1667 in
307 1631 541 1674 conspeetum
559 1628 686 1664 venire
707 1625 854 1661 studuit.
898 1624 956 1660 Sic
975 1623 1102 1659 absens

111 1677 307 1713 amicitiam
319 1676 487 1721 gerebat,
499 1683 541 1709 ut
559 1683 634 1708 non
654 1669 844 1707 beneficiis
865 1669 999 1704 mutuis
1012 1693 1024 1713 ‚
1037 1665 1101 1703 sed

111 1721 204 1758 odio
226 1719 432 1764 communi,
459 1716 561 1762 quod
580 1727 663 1762 erga
683 1725 806 1761 regem
833 1712 1065 1761 susceperant
1087 1736 1100 1762 ‚

112 1764 302 1803 contineri
321 1762 548 1800 viderentur.

479 1806 510 1842 C
534 1818 559 1842 A
585 1817 619 1841 P.
670 1804 737 1841 XI.

110 1854 166 1926 Id
187 1865 294 1899 quum
315 1853 396 1889 satis
415 1852 452 1888 se
473 1849 694 1888 confirmass'e
715 1850 908 1886 arbitratus
929 1845 1003 1893 est,
1023 1855 1101 1883 cer-

165 1901 296 1936 tiorem
322 1898 410 1934 facit
435 1896 644 1940 Dammem,
672 1904 814 1937 tempus
844 1892 913 1929 esse
943 1893 1100 1936 majores

111 1944 293 1981 exercitus
314 1942 450 1988 parari,
475 1941 613 1977 bellum
632 1950 713 1975 cum
735 1939 816 1982 ipso
836 1938 921 1983 rege
941 1935 1097 1985 suscipi:

112 1989 159 2025 de
179 1999 247 2032 qua
266 1999 328 2031 re,
355 1986 380 2023 fi
402 1986 437 2022 ei
455 1985 665 2029 videretur,
693 1994 765 2027 quo
786 1983 877 2018 loco
898 1982 1034 2024 vellet,
1061 1991 1098 2029 ιη

112 2032 342 2076 colloquium
371 2031 529 2066 veniret.
587 2028 741 2064 Probata
769 2037 830 2072 re,
855 2022 1101 2066 colloquendi

112 2087 255 2125 tempus
283 2075 464 2123 sumitur,
498 2073 674 2121 locusque
711 2082 785 2117 quo
822 2069 1104 2150 convenirffflfe
