1170 2248
68 69 71 71 ⁴
124 36 172 74 54
365 29 628 70 Gonnum
651 33 887 76 Naroma

126 71 292 109 consiliis
312 74 504 112 obstitisset
520 78 688 127 fortuna,
716 90 756 117 ut
773 83 944 130 haberet,
970 95 1039 130 qua
1056 87 1114 124 fu·-

127 127 232 163 geret
250 118 293 153 ad
311 119 472 157 salutem.
521 123 676 160 Suorum
698 135 818 162 autem
837 140 857 163 e
877 139 1028 168 numero
1047 133 1113 168 Za-

127 163 297 207 cynthios
324 163 577 203 adolescentes
597 170 769 213 quosdam
788 172 915 224 eligit,
949 186 1030 210 cum
1051 188 1111 212 au-

125 205 346 254 dacfflimos,
369 218 441 244 tum
462 211 598 248 viribus
619 215 803 251 maximis:
822 218 948 259 h1sque
969 218 1028 254 dat
1047 231 1111 255 ne-

125 251 290 296 gotium,
324 252 370 288 ad
389 253 552 290 Dionem
569 268 653 294 eant
671 259 824 296 inermes
836 287 849 307 ‚
883 262 931 299 fic
949 264 1003 298 uti
1021 275 1113 300 con·

124 296 299 332 veniendi
319 298 395 341 ejus
415 302 529 344 gratia
547 301 760 340 viderentur
776 306 915 342 venire.
942 307 979 342 hi
997 319 1111 353 prop,-

123 348 180 375 ter
199 341 366 378 notitiam
386 342 468 379 sunt
487 345 688 383 intromiffi.
714 347 768 384 At
785 350 862 396 illi,
883 362 923 387 ut
940 352 1051 388 limen
1073 365 1111 389 e-

122 385 181 428 jus
206 385 407 434 intrarunt,
442 389 584 425 foribus
606 392 780 428 obseratis
800 394 838 429 in
859 395 954 432 lecto
975 398 1108 434 cuban-

121 437 198 464 tem
215 430 412 467 invadunt:
451 435 649 481 colligant,
675 436 718 472 fit
737 436 931 485 strepitus,
957 441 1050 478 adeo
1069 452 1111 478 ut

119 474 290 510 exaudiri
307 477 426 520 posset
443 478 547 514 foris.
575 478 671 525 Hic,
685 481 775 518 ficut
793 493 874 519 ante
895 484 1029 522 dietum
1040 486 1110 532 est,

120 529 223 561 quam
242 520 354 555 invisa
374 520 416 557 fit
435 521 622 569 singularis
641 527 830 573 potentia,
852 525 889 563 δὲ
909 529 1109 567 miseranda

117 562 215 607 vita,
251 565 312 607 qui
330 565 365 600 se
385 569 519 613 metui,
556 579 659 610 quam
679 572 781 606 amari
799 572 956 619 malunt,
992 575 1108 612 cuivis

114 606 224 642 facile
245 609 436 645 intellec‘tu
454 612 536 647 fuit.
563 612 728 658 Namque
750 616 805 651 illi
826 616 892 660 ipsi
912 616 1106 664 custodes,

116 649 143 685 fi
163 654 325 696 propitia
349 654 498 690 fuifl‘ent
526 659 713 694 voluntate
734 686 746 704 ‚
780 661 926 697 foribus
954 663 1107 700 effractis

115 695 254 731 servare
275 709 360 732 eum>
375 700 596 747 potuissent,
624 703 724 746 quod
741 704 800 739 illi
817 705 972 742 inermes
992 709 1105 744 telum

115 739 211 776 foris
231 741 433 787 flagitantes
453 744 573 780 vivum
594 748 778 783 tenebant.
816 751 877 784 cui
898 761 1006 793 quum
1025 751 1105 788 suc-

115 793 278 821 curreret
296 797 405 822 nemo
418 814 429 833 ,
444 787 546 835 Lyco
567 791 709 834 quidam
727 793 961 838 Syracusanus
973 807 1040 839 per
1048 798 1105 832 fc-

115 827 247 866 uestras
265 831 424 878 gladium
444 833 570 913 degit,
585 847 657 879 quo
677 836 782 916 1))ζίοο
801 839 1016 877 interfectus
1036 841 1101 878 est.

548 891 573 915 A
600 891 634 916 P.
725 907 734 916 .

115 917 175 988 C
190 920 335 956 onfec‘ta
363 922 461 958 caecle
482 934 588 966 quum
608 926 808 964 multitudo
826 927 968 965 visendi
987 931 1103 977 gratia

187 965 388 1011 introiss‘et‚
401 969 573 1002 nonnulli
591 970 632 1004 ab
653 970 776 1006 insciis
795 983 863 1016 pro
876 975 999 1010 noxiis
1012 986 1102 1012 con-

112 1008 296 1044 ciduntur.
331 1022 416 1046 namv
429 1012 542 1047 celeri
561 1017 705 1050 ru'more
725 1014 864 1062 dilato,
892 1017 1009 1054 Dioni
1027 1021 1100 1056 vim

109 1053 247 1087 allatam
261 1079 272 1098 ,
298 1055 401 1089 multi
422 1067 705 1104 concurrerant,
726 1060 854 1103 quibus
874 1063 943 1097 tale
961 1064 1103 1101 facium

112 1096 343 1140 displicebat.
372 1099 423 1134 Hi
439 1101 526 1136 falsa
543 1101 749 1146 suspicione
769 1104 888 1150 duffi,
908 1107 1101 1146 immeren-

109 1148 165 1175 tes
191 1151 232 1176 ut
255 1143 452 1180 sceleratos
478 1146 667 1182 occidunt.
717 1147 839 1194 Hujus
858 1151 904 1185 dc
923 1162 1040 1188 morte
1059 1163 1100 1190 ut

138 1186 227 1220 alam
245 1187 375 1222 factum
394 1188 466 1234 est,
480 1190 694 1226 mirabiliter
711 1195 810 1240 vulgi
827 1204 959 1230 mutata
971 1196 1023 1231 est
1033 1209 1098 1234 vo-

107 1195 241 1265 funtas.
267 1230 365 1266 Nam
385 1233 445 1275 qui
463 1234 582 1270 vivum
603 1247 865 1282 cumtyranmtm
875 1241 1097 1288 vocitatam,

108 1273 264 1309 eundem
298 1281 502 1312 liberatorem
555 1285 646 1314 atria
678 1289 871 1329 tyrannique
903 1299 939 1320 ex
964 1290 1098 1329 ulsbrem

107 1317 363 1361 praedicabant.
411 1322 469 1356 Sic
495 1323 533 1358 su
561 1324 615 1358 ito
635 1325 886 1363 misericordia
906 1340 928 1363 o
959 1330 996 1364 io
1016 1331 1095 1366 suc-

105 1362 274 1407 cesserat,
294 1374 334 1398 ut
355 1376 436 1400 eum
454 1366 517 1402 suo
536 1367 731 1416 sanguine,
752 1369 777 1405 ss
796 1372 962 1418 possent,
982 1375 1024 1409 ab
1044 1374 1094 1410 A·

105 1407 284 1442 cheronte
305 1419 482 1452 cuperent
500 1410 692 1449 redimere.
727 1415 851 1459 Itaque
869 1417 908 1453 in
925 1420 1013 1454 urbe
1033 1430 1092 1456 ce-

104 1450 304 1487 leberrimo
325 1453 411 1489 loco
432 1456 545 1492 elatus
596 1459 945 1504 publice-fepulchri
963 1471 1094 1500 monu-

105 1505 233 1532 mento
258 1496 411 1533 donatus
439 1498 502 1535 est.
552 1481 664 1538 hiem
689 1504 785 1539 obiit
810 1506 956 1542 circiter
975 1519 1091 1545 annos
1138 1534 1141 1536 -

107 1540 364 1586 quinquaginta
389 1544 546 1588 quinque
573 1557 706 1592 natus3
739 1559 899 1592 quartum
922 1551 1005 1595 post
1029 1565 1091 1589 an-

103 1594 210 1631 num,
223 1596 325 1630 quam
344 1598 390 1623 ex
407 1588 668 1635 Peloponneso
687 1593 725 1628 in
741 1593 902 1635 Siciliam
918 1596 1091 1635 redierat.

101 1682 230 1745 XI.
344 1687 1092 1758 IPHI‘CRATES.

484 1809 515 1847 C
539 1824 564 1850 Λ
589 1824 622 1851 ι’.
671 1813 704 1855 I.

100 1896 486 1965 IPHICRATES
525 1903 867 1944 ATHENIENSIS
905 1919 980 1945 nou
1015 1918 1084 1948 tam

140 1945 386 1988 magnitudine
404 1957 522 1982 rerum
543 1947 737 1996 gestarum,
774 1963 875 1994 quam
894 1953 1085 1998 disciplina

100 1987 247 2022 militari
264 1990 478 2027 nobilitatus
497 1991 559 2029 est.
601 1993 688 2030 Fuit
705 1995 803 2031 enim
822 1998 902 2032 talis
921 1997 1015 2043 dux,
1042 2009 1085 2034 ut

102 2041 178 2069 non
196 2030 314 2072 solum
333 2036 445 2075 aetatis
463 2036 533 2075 suae
552 2048 633 2077 cum
648 2039 774 2087 primis
794 2051 1083 2125 comparareuswg1

1037 2099 1054 2124 e
