1170 2248
132 51 316 90 .XXIV.
341 51 399 87 M.
425 48 655 87 Poncms
680 47 839 87 Crro.
950 61 1016 95 107

355 96 386 132 C
411 107 436 130 Λ
461 107 495 131 P.
546 95 676 130 XIII.

113 143 217 177 uibus
246 141 459 178 consulibus
488 140 693 185 interierit,
722 151 797 175 non
823 140 1014 176 convenit.

114 185 206 222 Nam
230 185 376 221 Atticus
402 186 529 220 Marco
556 184 714 220 Claudio
739 185 1014 233 Marcello,Q.

28 230 141 267 Fauio
178 230 350 265 Labeone
383 229 481 264 Coss'.
517 238 696 264 mortuum
731 230 768 264 in
803 230 921 264 annali
947 229 1016 264 suo

26 276 202 318 scriptum
225 274 387 317 reliquit.
412 273 465 308 At
485 271 658 318 Polybius
679 272 724 308 L.
744 273 900 308 AEmilio
912 273 1017 309 Paul-

25 321 66 356 lo
100 318 137 355 &
171 319 240 354 Cu.
267 319 392 353 Baebio
420 318 638 362 Tamphilo:
672 318 848 362 Sulpitius
874 327 1015 363 autem,

26 363 69 399 P.
105 364 287 400 Cornelio
317 362 485 407 Cethego
506 388 521 407 ‚.
553 363 610 397 M.
639 361 764 396 Baebio
803 361 1014 405 Tamphilo.

25 407 149 452 Atque
169 408 230 442 hie
249 417 368 442 tantus
387 408 441 441 vir
467 406 646 449 tantisque
675 406 784 441 bellis
813 405 1015 452 distric‘lus,

27 452 201 488 nonnihil
219 451 394 494 temporis
415 451 543 486 tribuit
561 450 709 485 litteris.
759 449 925 494 Namque
951 452 1015 486 ali-

27 507 118 540 quot
138 498 214 540 ejus
234 496 317 530 libri
345 495 451 540 sunt,
479 495 613 530 Graeco
644 495 809 530 sermone
839 495 1021 530 confeffi.

23 542 64 576 in
89 541 141 576 his
170 540 214 575 ad
242 539 413 575 Rhodios
444 538 489 573 de
524 538 594 573 Cn.
621 539 756 574 Man-lii
778 539 952 574 Vulsonis
977 539 1018 575 in

24 584 110 620 Afia
129 586 236 620 rebus
257 583 381 628 gestis.
431 582 550 626 Hujus
572 583 666 618 bella
687 582 784 628 gesta
809 584 915 617 multi
943 594 1019 618 me-

25 630 150 665 moriae
177 628 440 672 prodiderunt:
467 626 530 661 sed
561 638 608 661 ex
635 627 691 661 his
721 627 819 671 duo,
847 627 909 669 qui
936 639 1018 663 cum

26 685 74 710 eo
96 674 133 708 in
155 672 274 708 castris
292 674 462 716 suerunt,
490 669 664 713 simulque
687 671 1018 715 vixen1nt‚quam-

28 718 92 753 diu
114 718 259 753 fortuna
277 716 369 760 pass'a
390 714 464 760 est,
489 715 658 759 Silenus,
685 712 720 749 ἀ
742 713 878 749 Sofilus
903 715 1019 750 Lace-

24 761 239 797 daemonius.
289 759 411 803 Atque
430 761 502 794 hoc
525 757 644 794 Sofilo
666 758 850 794 Hannibal
879 760 1018 795 littera-

31 817 107 841 rum
129 805 331 840 Graecarum
351 805 432 838 usus
455 802 508 838 est
528 803 694 838 doc‘lore.
721 803 792 838 Sed
812 815 908 838 nunc
929 813 1018 838 tem-

23 861 92 895 pus
114 848 164 884 est
183 851 285 893 hujus
306 849 389 883 libri
409 849 528 883 facere
550 847 682 891 finem,
708 844 745 881 &
765 847 1019 883 Romanorum

25 893 214 937 explicare
234 895 491 936 imperatores:
519 903 593 934 quo
622 891 768 925 facilius
799 892 942 927 collatis
972 904 1013 926 u-

26 947 243 1018 gorunquue
259 937 460 984 saetis,qui
479 936 549 972 viri
574 935 794 980 praeferendi
818 934 909 982 fint,
930 936 1014 980 pos-

56 991 70 1019 t
93 993 261 1028 Jucican.

401 1082 620 1131 XXIV.

25 1190 134 1259 M.
167 1189 661 1260 PORCIUS
711 1189 1033 1261 CATO.

62 1326 172 1384 EX
199 1326 443 1385 LIBRO
469 1327 989 1386 POSTERIORE

51 1447 515 1503 CORNELII
556 1448 993 1504 NEPOTIS.

410 1560 550 1598 Cur.
598 1562 629 1598 Ι.

31 1648 205 1718 CATO
229 1659 329 1686 ortus
355 1652 562 1695 municipio
584 1649 773 1696 Tusculo,
799 1651 1015 1688 adolescen-

121 1695 238 1739 tulus,
263 1695 469 1738 priusquam
497 1696 698 1731 honoribus
725 1707 873 1739 operam
899 1696 1016 1740 daret,

30 1739 187 1774 versatus
207 1738 258 1774 est
276 1740 312 1774 in
331 1740 493 1786 Sabinis,
520 1740 618 1782 quod
640 1741 691 1774 ibi
712 1741 898 1775 heredium
921 1753 938 1774 a
957 1752 1021 1783 pa-

32 1792 88 1818 tre
107 1783 271 1818 relietum
290 1784 452 1819 habebat.
504 1784 664 1819 Hortatu
685 1783 729 1819 L.
752 1785 891 1819 Valerii
913 1784 940 1818 F
946 1785 1019 1818 lac-

33 1826 91 1870 ci,
120 1837 223 1868 quem
245 1827 281 1862 in
301 1829 490 1863 consulatu
511 1828 729 1870 censuraque
750 1829 875 1862 habuit
903 1828 1020 1862 colle-

33 1881 137 1916 gam,
163 1880 203 1904 ut
222 1871 278 1905 M.
300 1870 481 1914 Perperna
508 1871 710 1906 Censorius
730 1882 868 1906 uastare
890 1871 1020 1906 solitus

35 1913 111 1959 est,
138 1913 290 1948 Romam
311 1914 546 1960 demigravit,
572 1915 608 1949 iu
630 1916 715 1950 foro
741 1916 847 1960 [que]
870 1915 938 1950 esse
952 1925 1022 1949 coe-

32 1959 101 2003 pit.
136 1957 291 1993 Primum
313 1957 525 2002 stipendium
546 1959 678 1993 meruit
696 1969 869 1993 annorum
891 1958 1020 1993 decem

34 2003 272 2046 septemque,
309 2002 357 2051 Q.
393 2003 505 2038 Fabio
535 2003 699 2038 Maximo
720 2029 746 2054 ‚·
767 2004 822 2037 M.
863 2002 1021 2053 Claudio

32 2047 216 2086 Mucello
236 2046 335 2086 Coff.
356 2046 537 2085 Tribunus
562 2048 717 2085 militum
735 2056 773 2084 lu
792 2047 915 2085 Sicilia
923 2049 1018 2128 fuat.

945 2102 966 2126 u
995 2101 1018 2127 e
