1170 2248
237 43 416 83 XXIII.
464 43 858 90 HAnnnaeAz.
975 66 1041 94 τοι

56 88 259 136 civitatem,
283 92 322 126 vi
342 95 577 139 expugnavit.
611 95 703 132 Tres
722 98 906 134 exercitus
922 101 1037 136 maxi-

55 145 135 173 mos
153 137 389 180 comparavit.
415 138 473 173 Ex
491 138 546 174 his
565 152 675 175 unum
694 142 732 177 in
751 141 913 179 Africam
932 144 1041 190 misit,

53 178 207 214 alterum
227 191 306 215 cum
327 181 549 227 Hasdrubale
567 185 675 220 fratre
695 186 733 222 in
761 186 936 231 Hispania
952 189 1040 225 reli-

54 223 154 268 quit,
179 225 328 260 tertium
355 226 391 260 in
419 226 558 263 Italiam
586 229 706 265 secum
735 230 854 267 duxit.
902 234 1039 270 Saltum

51 263 260 310 Pyrcuaeum
280 270 432 306 transiit.
484 271 707 323 Quacumque
726 275 797 311 iter
814 276 927 322 fecit,
954 289 1038 314 cum

51 312 221 347 omnibus
252 313 386 350 incolis
413 318 607 353 conflixit:
644 321 823 355 neminem
842 347 855 366 ,
891 321 956 357 nifi
982 323 1038 357 vi·-

47 356 144 390 AElum
156 383 167 400 ‚
183 357 329 394 dimisit.
354 358 416 394 Ad
433 359 551 406 Alpes
571 362 799 407 posteaquam
823 366 946 411 venit,
960 377 1039 409 quae

47 397 187 435 ltaliam
208 403 249 436 ab
271 403 390 438 Gallia
407 404 622 452 sejungunt,
650 420 733 451 quas
754 421 861 444 nemo
882 422 1037 454 unquam

48 453 130 478 cum
150 447 315 482 exercitu
335 457 416 483 ante
439 461 541 494 eum,
569 463 701 495 praeter
721 453 923 489 Herculem
945 455 1036 491 Gra-

44 487 145 534 jum,
171 491 375 537 transierat,
403 504 475 536 quo
494 495 590 531 sassto
620 497 650 532 is
677 497 789 532 hodie
816 498 923 534 saltus
943 499 1036 536 Gra-

43 532 102 575 jus
135 536 340 577 appellatur
357 563 369 580 ‚
413 537 569 581 Alpicos
613 551 789 576 conantes
834 544 1034 586 prohibere

44 576 193 613 tranfitu
221 580 387 616 concidit
404 607 416 625 ‚
452 584 535 618 loca
562 586 762 629 patefecit,
798 585 932 622 itinera
958 599 1035 623 mu-

44 621 114 655 niit
164 622 289 658 effecit
307 625 413 670 [que]
438 636 479 660 ut
507 638 548 661 ea
567 629 782 671 elephantus
803 640 950 666 ornatus
979 632 1034 668 ire

42 674 95 708 po
126 675 185 711 et,
213 678 281 710 qua
299 677 405 703 antea
426 679 518 714 unus
537 671 648 706 homo
670 672 820 708 inermis
840 675 904 709 vix
923 685 1031 718 pote-

42 717 98 745 rat
116 721 256 760 repere.
308 710 388 748 Hac
406 715 533 758 copias
553 715 734 762 traduxit,
756 717 794 753 in
815 717 1031 765 Italiamque

38 762 228 797 pervenit.

408 800 439 836 C
463 813 488 838 A
514 813 548 838 Ρ.
598 804 665 841 IV.

34 856 37 859 ·
117 843 311 880 onfiixerat
330 846 428 889 apud
446 847 666 884 Rhodanum
687 861 768 886 cum
786 851 826 888 P.
849 850 1031 892 Cornelio

127 888 301 930 Scipione
324 889 411 926 Cos.
437 903 591 935 eumque
613 897 822 938 pepulerat.
848 898 938 934 Cum
957 901 1030 936 hoc

38 931 173 967 eodem
194 931 369 970 Clastidio
390 936 485 978 apud
503 936 635 972 Padum
656 940 821 975 decernit
835 954 846 976 t
872 943 1028 980 saucium

35 974 123 1011 inde
145 988 185 1012 ac
212 977 373 1023 fugatum
401 981 567 1017 dimittit.
618 983 748 1019 Tertio
777 985 873 1020 idem
900 989 1028 1032 Scipio

36 1030 119 1056 cum
139 1022 283 1068 collega
300 1023 454 1060 Tiberio
483 1024 620 1072 Longo
648 1029 742 1072 apud
772 1028 939 1066 Trebiam
967 1032 1029 1068 ad-

34 1065 158 1100 versus
188 1077 268 1101 eum
295 1069 408 1103 venit.
435 1079 516 1105 cum
552 1072 609 1106 his
638 1083 779 1107 manum
808 1075 1025 1122 conseruit,

35 1110 208 1153 utrosque
229 1112 453 1158 profligavit.
482 1114 568 1149 inde
594 1126 664 1158 per
682 1116 837 1161 Ligures
858 1119 1028 1164 Apenni-

32 1162 116 1188 num
138 1156 279 1202 tmulit,
306 1167 434 1199 petens
448 1158 637 1195 Etruriam.
673 1161 760 1196 Hoc
779 1163 911 1199 itinere
930 1165 1025 1202 adeo

33 1199 132 1242 gravi
152 1201 280 1235 morbo
300 1201 454 1237 afficitur
480 1205 696 1251 oculorum,
722 1215 763 1240 ut
781 1205 906 1251 postea
933 1221 1027 1246 nun-

33 1252 137 1284 quam
157 1244 417 1289 dexteroaeque
435 1247 528 1282 bene
548 1247 627 1284 usus
647 1248 701 1285 fit.
723 1249 804 1297 Qua
813 1253 1024 1290 valetudine

33 1296 140 1329 quum
162 1289 266 1323 etiam
288 1301 383 1324 nunc
410 1301 639 1334 premeretur
690 1296 890 1340 leeticaque
909 1297 1023 1334 ferre-

18 1338 114 1375 jur,
141 1331 185 1367 C.
215 1333 427 1369 Flaminium
450 1334 536 1371 Cos.
562 1319 662 1381 apud'
675 1339 918 1376 Trafimenum
939 1352 1023 1378 cum

30 1376 199 1411 exercitu
227 1377 367 1413 insidiis
396 1380 681 1419 circumventum
710 1384 865 1420 occidit.
899 1397 1020 1430 neque

29 1420 147 1466 multo
168 1420 249 1464 post
269 1421 312 1458 C.
335 1421 554 1460 Centenium
574 1438 791 1476 praemrem,
818 1441 898 1465 cum
918 1430 1020 1466 dele-

29 1464 85 1499 sta
103 1475 207 1500 manu
227 1466 334 1502 saltus
353 1479 607 1512 occupantem.
657 1471 760 1508 Hinc
789 1474 826 1509 in
848 1473 1020 1518 Apuliam

27 1510 209 1550 pervenit.
222 1510 280 1545 Ibi
300 1512 441 1547 obviam
462 1514 496 1548 ei
524 1525 703 1552 venerunt
723 1517 799 1552 duo
820 1517 1017 1557 Consules:

28 1551 73 1587 C.
100 1552 319 1601 Terentius,
354 1556 392 1592 (Sc
412 1556 456 1591 L.
482 1557 629 1595 Paullus
647 1561 833 1598 sEmilius.
876 1564 1017 1600 Utrius-

30 1607 101 1639 que
124 1599 305 1635 exercitus
325 1612 400 1637 uno
419 1603 548 1645 praelio
566 1603 900 1650 fugavitzpaullum
913 1607 1016 1644 Con—

23 1640 138 1677 sulem
158 1644 318 1688 occidit,
345 1644 382 1680 ἅ
401 1647 542 1688 aliquot
569 1659 743 1691 praeterea
771 1650 1013 1699 Consulares,

26 1683 63 1735 -i¹.¹
81 1686 136 1722 his
158 1686 227 1722 Cn.
252 1689 445 1726 Servilium
467 1691 686 1742 Geminum,
713 1695 774 1738 qui
792 1707 888 1734 anno
906 1696 1013 1744 supe·

23 1738 121 1766 nore
144 1730 263 1769 fuerat
286 1732 440 1770 Consul.

257 1786 260 1788 ’
399 1778 430 1814 C
453 1791 477 1815 A
504 1791 538 1815 P.
589 1782 635 1818 V.

25 1817 157 1888 Hac
176 1830 295 1867 pugna
312 1833 464 1869 pugnata
477 1851 489 1869 ‚
515 1825 670 1862 Romam
698 1829 885 1871 profet‘his
905 1830 1010 1867 nullo

131 1865 314 1901 rcfistente
381 1868 418 1902 in
450 1871 667 1914 propinquis
700 1874 797 1908 urbis
824 1875 1009 1911 montibus

21 1918 181 1944 moratus
209 1909 273 1945 est.
344 1912 444 1946 hrum
472 1913 613 1955 aliquot
639 1915 689 1950 ibi
716 1916 794 1951 dies
824 1917 931 1953 castm
948 1921 1009 1955 ha‘-
1062 1947 1064 1950 >

22 1952 152 1988 buiss'et
164 1980 176 2000 ‚
205 1951 241 1989 &
262 1965 506 1992 reverteretur
522 1957 703 2003 Capuam,
718 1959 766 2009 Q.
788 1960 916 1997 Fabius
929 1963 1009 1999 Ma-

14 1997 144 2050 ⁴{ximus
166 1998 323 2049 dic-tator
338 1999 451 2051 Rom.
478 2001 515 2035 in
533 2013 619 2048 agro
641 2003 797 2054 Falerno
822 2005 858 2041 se
879 2007 912 2041 ei
941 2008 1006 2043 ob-

21 2051 126 2090 jecit.
151 2042 225 2080 Hie
243 2044 370 2084 clauus
389 2046 558 2136 leeg-igni
577 2047 773 2098 augustus,
797 2052 906 2110 noctu
921 2050 1003 2135 31¹}ss

1162 1794 1170 1927 .--...—
1164 1729 1170 1783 ..ᾳ
1167 1714 1170 1719 i
