1170 2248
284 47 785 94 XIX.Pnoc10N.
1019 73 1035 99 1

52 89 322 130 Demosthenes
343 107 422 131 cum
443 100 601 145 ceteris,
629 103 689 145 qui
710 104 804 140 bene
826 102 872 141 de
892 73 1036 150 repuffl.

54 138 183 172 mereri
209 138 524 188 existimabantur,
558 147 787 189 populiscitu
817 149 856 184 in
877 151 1043 188 exsilium

55 189 156 215 erant
183 183 336 226 expulsi.
383 185 518 230 Neque
545 189 582 224 in
602 202 650 226 eo
672 192 788 228 solum
807 194 1036 242 offenderat,

13 257 16 260 Δ
51 224 150 266 quod
167 227 289 269 patrive
308 230 400 265 maie
420 232 674 280 consuluerat,
700 236 764 272 sed
784 238 911 285 etiam,
938 242 1040 283 quod

48 269 213 304 amicitiae
234 271 342 308 fidem
362 287 437 311 non
457 277 681 319 praestiterat.
729 280 896 326 Namque
915 287 1038 322 auctus

44 311 259 358 adjutusque
278 328 296 352 a
314 317 588 368 Demosthene,
615 335 720 370 eum,
748 337 850 369 quem
871 330 1038 376 tenebat,

46 356 257 396 ascenderat
281 363 427 408 gradum
448 391 460 411 ,
505 377 611 408 quum
642 369 810 406 adversus
840 371 1035 411 Charetem

48 411 131 436 eum
151 403 382 442 subornaret:
402 410 444 444 ab
463 411 596 446 eodem
616 412 652 447 in
673 414 846 461 judiciis,
859 428 968 460 quum
979 430 1036 455 ca·-

46 446 137 489 pitis
165 449 311 485 caussam
332 451 472 490 diceret
491 479 502 498 ‚
539 455 733 504 defensus,
768 461 964 504 aliquoties
989 464 1035 499 li-

44 490 188 527 beratus
217 493 431 533 discesserat.
486 499 598 536 Hunc
624 513 699 537 non
727 503 843 539 solum
871 506 908 542 in
936 508 1034 550 peri-

43 535 136 569 culis
156 548 233 573 non
259 538 425 577 defendit
443 568 456 587 ‚
490 544 553 579 sed
573 545 679 581 etiam
698 548 879 591 prodidit.
936 551 1038 588 Con-

49 578 142 614 cidit
159 592 276 618 antem
297 586 450 622 maxime
470 599 545 624 uno
564 590 735 626 crimine:
771 594 894 640 quod,
929 607 1036 638 quum

53 624 149 665 apud
179 636 259 661 eum
286 627 459 666 summum
488 632 578 667 esset
606 634 795 685 imperium
813 640 968 685 populi,
995 639 1034 676 δε

47 666 271 705 Nicanorem
291 671 471 710 Cassandri
489 677 698 719 praefeci-um
717 680 878 718 insidiari
890 683 1029 721 Piraeco

40 710 319 751 Atheniensium
347 729 365 752 a
384 717 482 754 Dcrc
499 721 563 756 ‘llo
583 732 796 760 moneretur
815 739 824 761 :
858 727 1030 772 idemque

40 755 264 804 postularet,
300 771 339 796 nt
363 764 470 806 provi
499 774 598 810 eret,
635 779 680 803 ne
701 773 962 808 commeatibus
981 774 1033 809 ci-

39 801 131 836 vitas
151 803 352 845 privaretur
373 819 382 841 :
418 809 477 843 hic
496 835 509 852 ‚
545 810 713 848 audiente
732 817 876 859 populo
890 843 902 862 ‚
937 817 1033 854 Pho-

41 844 128 880 cion
152 849 295 892 negavit
313 850 383 885 esse
403 854 632 901 periculum,
668 857 775 901 seque
796 861 871 904 ejus
892 861 945 896 rei
965 864 1032 898 ob-

43 888 155 924 fidem
173 891 255 926 fore
277 895 483 936 pollicitus.
508 898 644 943 Neque
666 902 716 936 ita
734 905 850 940 multo
870 905 1032 948 postNi-

44 943 162 969 canor
189 935 329 974 Piraeeo
351 939 402 974 est
420 942 578 984 potitus.
627 944 670 980 ad
691 958 797 989 quem
816 959 1031 994 recuperan-

41 976 124 1013 dem
153 991 261 1023 quum
289 986 451 1026 populus
482 997 633 1024 armatus
661 993 897 1029 concurrisset
914 1020 926 1039 ‚
962 995 1029 1032 ille

36 1033 112 1058 non
133 1025 245 1060 modo
264 1029 440 1064 neminem
461 1031 505 1066 ad
525 1044 618 1068 arma
637 1037 804 1081 vocavit,
825 1037 887 1073 sed
907 1050 951 1074 ne
970 1051 1024 1075 ar-

34 1068 136 1102 matis
166 1069 309 1111 quidem
330 1075 475 1116 praeesse
493 1078 628 1113 voluit.
678 1078 753 1116 fine
772 1092 845 1125 quo
865 1082 1021 1130 Athenae

36 1113 190 1149 omnino
210 1115 280 1150 effe
301 1128 376 1154 non
394 1119 554 1161 possunt.

388 1164 419 1198 C
444 1176 469 1200 A
496 1177 534 1200 P.
584 1166 668 1202 ΙΙΙ.

34 1199 193 1269 Erant
213 1215 260 1240 eo
281 1214 444 1250 tempore
464 1208 621 1247 Athenis
641 1213 719 1248 duae
728 1214 1025 1264 faftioneszqua-

111 1258 188 1282 rum
208 1260 279 1284 una
296 1253 427 1295 populi
448 1255 598 1291 caussam
618 1259 766 1304 agebat,
793 1262 907 1298 altera
927 1266 1025 1307 opti-

34 1300 180 1326 matum.
226 1293 263 1328 in
283 1295 348 1330 hac
371 1307 445 1332 erat
465 1297 630 1336 Phocion
652 1299 689 1337 &
708 1301 918 1342 Demetrius
938 1308 1027 1344 Pha·-

36 1334 172 1370 lereus.
220 1338 340 1374 harum
369 1350 518 1386 utraque
539 1345 784 1383 Macedonum
806 1353 1024 1393 patrociniis

31 1379 228 1416 nitebatur.
263 1382 357 1418 Nam
377 1388 578 1429 populares
603 1389 907 1437 Polysperchonti
925 1397 1025 1433 fave-

32 1423 345 1467 bant20ptimates
368 1441 448 1465 cum
470 1431 663 1470 Cassandro
683 1437 900 1474 sentiebant.
926 1441 1027 1477 Inte-

34 1467 102 1502 rim
124 1480 143 1503 a
161 1469 474 1515 Polysperchonte
496 1475 686 1515 Cassander
704 1481 927 1520 Macedonia
944 1487 1027 1530 pul-

31 1511 91 1547 sus
114 1511 180 1548 est.
226 1526 298 1557 quo
319 1517 416 1554 fac‘to
436 1522 596 1564 populus
617 1523 783 1568 superior
799 1527 933 1574 faenus,
960 1529 1025 1566 sta-

33 1555 242 1593 tim'duces
269 1560 475 1599 adversariae
501 1565 673 1603 factionis
693 1580 730 1604 ca
760 1571 819 1606 itis
839 1572 1025 1612 damnatos

32 1602 149 1642 patria
171 1605 335 1646 pepulit:
361 1607 396 1642 in
414 1609 468 1643 his
489 1608 715 1648 Phocionem
733 1581 773 1650 {k
792 1615 1023 1656 Demetrium

24 1643 386 1692 Phalereumzdeque
408 1663 451 1688 ca
471 1655 660 1700 relegatos
672 1658 715 1692 ad
724 1658 1018 1705 Polyfperchon-

29 1697 102 1724 tem
130 1689 223 1726 mifit
242 1718 254 1737 ‚
289 1695 350 1736 qui
371 1697 412 1731 ab
434 1708 480 1733 eo
501 1709 672 1743 peterent
690 1728 701 1746 ‚
735 1713 777 1739 ut
796 1704 855 1740 sua
874 1705 1020 1744 decreta

30 1733 272 1772 confirmaret.
300 1738 384 1775 Huc
403 1741 535 1778 eodem
556 1746 742 1788 profetam
763 1747 814 1784 est
834 1749 1015 1787 Phocion.

29 1777 118 1826 Quo
148 1789 189 1814 ut
214 1783 317 1818 venit
335 1809 346 1828 ‚
382 1786 526 1822 caussam
555 1789 651 1832 apud
669 1791 875 1836 ‘Philippum
895 1805 1018 1840 regem

30 1822 168 1867 verbo,
181 1825 298 1868 reipsa
316 1828 460 1870 quidem
480 1833 573 1874 apud
584 1833 1017 1883 Polysperchontemjus-

27 1865 86 1900 sus
107 1865 158 1900 est
177 1866 314 1905 dicere.
348 1883 498 1916 namque
519 1876 548 1910 is
568 1885 644 1912 tum
664 1879 758 1923 regis
778 1881 885 1916 rebus
903 1893 1017 1925 praee-

27 1919 94 1944 rat.
121 1909 196 1945 Hic
217 1914 363 1959 (quum)
382 1917 423 1950 ab
442 1917 640 1964 Agnonide
658 1923 843 1960 accusatus
863 1926 1015 1972 (esset‚)

36 1953 138 1997 quod
150 1954 328 1998 Pyraeeum
342 1959 560 2008 (Nicanori)
570 1965 784 2007 prodidisset
795 1980 804 2002 t
817 1979 863 2005 ex
873 1970 1019 2008 consilii

27 1998 209 2035 sententia
230 2001 265 2036 in
287 2002 482 2040 custodiam
503 2009 713 2054 conjecffus,
726 2011 886 2048 Athenas
898 2014 1014 2051 dedu-

27 2043 104 2082 stus
124 2042 199 2094 est,
225 2055 266 2083 ut
283 2046 337 2086 ibi
357 2048 402 2086 de
423 2061 470 2088 eo
489 2051 631 2101 legibus
650 2053 756 2094 fieret
772 2057 965 2104 judicium.

860 2102 1008 2142 ΕΑΒ.
