1170 2248
118 51 168 86 80
359 40 620 78 Comaru
643 36 876 76 Narone

121 91 309 138 plerisque
337 87 382 123 ad
402 85 610 123 exeundum
628 92 877 128 premeretur,
902 89 943 117 ut
961 79 986 117 fi
1006 78 1052 116 de
1074 89 1111 116 e-

123 138 207 174 xitu
225 135 405 170 divinaret
421 156 435 177 ‚
468 130 570 166 exire
588 128 723 164 noluit.
769 127 869 162 Idem
890 138 996 169 quum
1017 126 1115 169 Epa-

123 178 314 217 minondas
334 178 493 221 Spatam
511 181 762 219 oppugnaret,
775 171 934 214 essetque
952 169 1025 205 fine
1038 181 1115 205 mu-

124 225 174 261 ris
194 222 394 267 oppidum,
419 221 528 255 talem
548 219 584 254 se
604 219 857 261 imperatorem
876 215 1030 259 praebuit
1074 222 1117 248 ut

125 281 174 305 eo
195 277 360 311 tempore
380 265 548 301 omnibus
567 261 792 306 apparuerit,
811 259 876 295 nisi
896 259 959 294 ille
978 240 1114 303 fuisset,

125 315 286 357 Spartam
303 311 458 345 futuram
477 319 553 344 non
571 307 690 341 fuisse.
734 305 775 339 In
797 315 872 347 quo
891 301 1038 346 quidem
1059 302 1118 336 di-

126 357 299 394 scrimine
322 354 490 390 celeritas
511 352 589 396 ejus
612 348 755 387 consilii
775 348 877 383 fitluti
887 347 958 382 fuit
968 347 1116 382 univcr-

127 401 187 438 fis.
235 399 331 435 Nam
351 409 458 443 quum
477 396 620 440 quidam
638 391 928 436 adolescentuli,
961 390 1120 426 hostium

128 446 288 482 adventu
309 443 516 489 perterriti,
529 440 573 476 ad
589 439 788 474 Thebanos
802 437 1026 481 transfugere
1038 437 1118 470 vel-

127 491 233 535 lent,
268 488 306 524 &
335 489 457 524 locum
486 495 587 522 extra
615 484 738 518 urbem
767 481 902 516 editum
921 479 1095 523 cepissent

129 533 344 586 Agesilaus,
371 533 433 576 qui
451 527 783 575 perniciosissimum
799 526 881 561 fore
901 524 1068 569 videret,
1093 504 1122 559 {I

130 577 417 615 animadversum
446 575 555 619 esset,
589 582 789 617 quenquam
808 569 853 604 ad
870 567 990 604 hostes
1009 577 1124 603 trans-

128 624 261 669 fugere
282 621 432 666 eonari,
467 631 547 654 cum
567 618 640 653 suis
661 627 708 652 eo
727 614 854 659 venit,
881 623 1008 657 atque,
1035 622 1076 647 ut
1093 610 1121 648 fi

131 668 238 704 bono
258 667 378 702 animo
396 664 563 700 fecissent
575 688 586 707 ,
599 660 761 696 laudavit
772 657 963 695 consilium
977 668 1121 701 eorum,

133 712 235 756 quod
264 721 345 746 eum
364 711 487 746 locum
508 705 740 750 occupassent
758 729 770 747 ,
805 702 842 738 ὅ(
862 703 898 737 se
918 702 955 736 id
975 711 1124 744 quoque

132 757 215 793 fieri
247 755 380 790 debere
399 749 699 789 animadvertisse.
748 747 807 782 Sic
827 746 1124 782 adolescentulos

132 800 296 837 simulata
314 798 525 834 laudatione
544 793 795 837 recuperavit,
823 790 860 826 δε
880 790 1057 832 adjunffis
1077 788 1124 823 de

133 845 208 881 suis
229 843 421 880 comitibus
442 843 564 876 locum
584 849 702 873 tutum
712 836 871 878 reliquit.
896 834 1063 877 Namque
1077 833 1125 867 il-

135 889 166 925 li
187 915 200 934 ‚
235 890 341 923 aneto
370 896 522 921 numero
550 894 679 918 eorum
697 908 709 926 ,
745 882 807 923 qui
827 888 997 922 expertes
1021 886 1128 912 crant

136 931 309 978 consilii,
331 939 562 966 commovere
583 927 620 962 se
640 938 716 962 non
735 925 817 960 sunt
834 922 901 958 ausi
914 948 926 968 ,
940 932 1059 965 eoque
1083 921 1130 956 li-

136 977 310 1025 bentius,
337 975 438 1020 quod
455 976 567 1012 latere
588 971 870 1014 arbitrabantur,
893 978 970 1012 quae
991 965 1127 1014 cogita-

136 1030 230 1060 rant.

486 1063 519 1100 C
544 1076 570 1099 A
597 1073 631 1098 P.
681 1059 784 1096 VII.

139 1111 259 1181 Sine
288 1111 402 1148 dubio
431 1109 515 1154 post
545 1106 768 1144 Leuetricam
786 1114 941 1152 pugnam
959 1101 1130 1139 Lacedae-

207 1157 323 1192 monii
343 1157 379 1192 se
397 1165 578 1197 nunquam
596 1151 809 1187 refecerunt
825 1175 838 1195 ,
875 1159 993 1192 neque
1014 1145 1133 1191 pristi-

140 1210 228 1236 num
255 1201 445 1244 imperium
464 1205 721 1241 recuperarunt
741 1206 750 1229 ε
785 1204 893 1237 quum
913 1193 1059 1228 interim
1079 1189 1134 1226 A·

140 1245 294 1291 gefilaus
314 1256 389 1280 uon
411 1242 572 1289 destitit,
585 1241 860 1285 quibuscunque
880 1237 986 1272 rebus
998 1235 1132 1280 posset,

139 1290 290 1334 patriam
310 1290 446 1332 juvare.
472 1286 566 1322 Nam
588 1295 693 1329 quum
705 1284 887 1326 praecipue
900 1280 1134 1316 Lacedaemo-

141 1334 199 1368 nii
219 1333 425 1378 indigerent
445 1330 622 1375 pecunia,
658 1328 723 1362 ille
745 1327 934 1372 omnibus,
960 1325 1021 1368 qui
1041 1336 1060 1358 a
1076 1334 1134 1359 re·

141 1388 188 1424 ge
209 1377 441 1420 defecerant,
453 1373 618 1420 praesidio
637 1371 720 1405 fuit.
746 1381 764 1404 a
783 1370 911 1413 quibus
931 1379 1055 1414 magna
1066 1367 1134 1403 do-

142 1430 247 1457 natus
266 1421 446 1464 pecunia,
459 1419 608 1462 patriam
628 1415 840 1450 sublevavit.
867 1412 991 1456 Atque
1012 1413 1049 1446 in
1060 1413 1134 1448 hoe

143 1465 242 1502 illud
261 1465 424 1509 inprimis
443 1464 515 1498 fuit
527 1461 737 1497 admirabile
749 1484 761 1502 ‚
775 1469 882 1501 quum
893 1457 1044 1492 maxima
1059 1467 1137 1491 mu-

142 1519 231 1546 nera
249 1509 283 1544 ei
303 1510 345 1544 ab
366 1510 509 1555 regibus
529 1533 541 1552 ,
575 1504 612 1541 <St
632 1502 788 1550 dynastis
807 1529 820 1548 ,
855 1502 1137 1544 civitatibusque

143 1554 406 1591 conferrentur
421 1579 434 1598 ,
472 1552 561 1587 nihil
590 1560 744 1592 unquam
773 1549 850 1593 (in)
871 1545 1018 1581 domum
1039 1545 1137 1581 suam

145 1597 331 1643 contulit,
369 1597 458 1632 nihil
478 1597 523 1631 de
541 1595 664 1637 vic‘tu,
692 1592 782 1627 nihil
803 1591 848 1627 de
865 1590 997 1626 vestitu
1018 1588 1135 1625 Laco-

144 1654 232 1678 num
253 1643 418 1677 mutavit.
444 1640 569 1676 Domo
589 1638 712 1674 eadem
733 1637 802 1670 fuit
822 1644 1020 1670 contentus
1069 1644 1139 1677 qua

146 1684 407 1732 Eurysthenes,
421 1683 640 1729 progenitor
655 1681 827 1723 majorum
840 1679 984 1714 suorum
995 1704 1017 1725 „
1037 1687 1138 1713 uerat

145 1730 254 1765 usus:
267 1741 368 1773 quam
389 1729 451 1772 qui
469 1728 640 1771 intrarat,
654 1725 793 1760 nullum
805 1723 939 1768 signnm
954 1722 1135 1767 libidinis,

146 1775 287 1810 nullum
319 1772 472 1810 luxuriae
493 1771 616 1806 videre
635 1778 800 1813 poterat:
835 1777 963 1803 contra
983 1767 1138 1810 plurima

146 1818 337 1897 Rauennae
365 1827 470 1859 atque
498 1814 732 1851 abstinentiae.
781 1812 840 1848 Sic
870 1812 967 1846 enim
989 1820 1064 1846 erat
1082 1810 1137 1845 in·

183 1864 306 1913 ructa,
331 1871 372 1912 ut
391 1862 492 1897 nulla
509 1861 546 1896 in
565 1870 604 1895 re
624 1857 788 1896 differret
807 1855 924 1893 cuivis
944 1855 1068 1900 inopis
1086 1863 1138 1890 at-

151 1918 221 1952 que
242 1915 387 1950 privau.
734 1908 746 1911 “

490 1949 520 1985 C
544 1961 568 1985 Α
594 1959 629 1984 1².
677 1945 807 1983 VIII.

231 2004 315 2038 tque
345 1996 404 2030 hic
430 2003 548 2030 tantus
575 1995 632 2028 vir
649 2018 662 2036 ,
695 2001 737 2027 ut
763 2001 920 2027 naturam
945 1987 1138 2032 fautricem

231 2041 399 2078 habuerat
425 2040 463 2078 in
489 2037 690 2078 tribuendis
709 2036 820 2078 animi
836 2033 1052 2081 virtutibus,
1086 2032 1139 2075 sse

733 2108 738 2113 .
1058 2087 1131 2115 ma·-
