1170 2248
109 42 157 83 94
273 34 276 38 ’
348 32 609 72 Com-mut
638 29 873 70 Nero-trs

107 80 222 116 urbes
249 77 407 115 desertas
427 78 572 113 videret
588 105 601 125 ‚
635 78 855 123 conquisivit
871 104 884 124 ‚
921 89 1013 122 quos
1033 88 1102 124 po-

116 124 210 169 tuit,
243 124 396 167 primum
413 123 581 168 Siculos3
605 121 740 161 deinde
761 124 945 160 Corintho
964 125 1105 160 arceffi-

115 168 169 204 vit
190 170 351 204 colonos
368 194 384 219 7
417 167 518 211 quod
537 168 579 203 ab
597 168 652 204 his
672 168 782 205 initio
800 168 977 213 Syracusae
1000 177 1103 206 erant

120 211 294 249 conditae.
333 211 483 248 Civibus
502 213 686 248 veteribus
707 213 768 249 sua
787 212 966 259 restituit,
994 215 1103 249 novis

0 257 5 269 '
42 275 47 279 ·
84 270 90 287 ι
117 257 225 297 bello
253 258 476 293 vacuefactas
502 256 737 301 poss'effiones
765 256 916 302 divisit,
960 258 1105 293 urbium

121 301 247 337 maenia
265 301 437 346 disjecta,
460 302 616 346 fanaque
634 301 816 347 (deserta)
834 302 989 347 refecit,
1015 302 1107 338 civi-

121 347 252 382 tatibus
273 347 375 393 leges
395 347 675 391 libertatemque
694 343 901 382 reddidit?
921 358 969 382 ex
991 346 1106 382 maxi-

119 402 179 427 mo
199 391 301 427 bello
323 401 462 427 tantum
483 391 601 427 otium
621 400 709 427 totae
728 390 854 426 iusulae
873 391 1103 436 conciliavit,

119 445 161 471 ut
179 436 238 471 hic
258 436 435 473 conditor
450 437 590 472 urbium
609 447 725 472 earum
737 462 750 482 ‚
782 448 858 471 non
878 436 937 471 illi
956 435 1019 479 qui
1037 435 1108 471 ini·

121 480 178 516 tio
211 480 436 517 deduxerant
454 507 466 526 ‚
501 481 701 517 videretur.
749 479 884 516 Arcem
905 478 1107 525 Syracusis,

119 536 221 569 quam
248 527 428 561 munierat
446 525 642 572 Dionysius
663 525 704 561 ad
724 527 848 561 urbem
860 524 1109 569 obsidendam,

119 582 138 605 a
155 569 401 606 fundamentis
422 571 587 614 disjecit:
611 581 734 606 cetera
752 569 951 616 tyrannidis
970 580 1110 613 propu-

117 615 271 661 gnacula
298 614 497 651 demolitus
526 615 577 651 est
595 641 608 660 ‚
643 614 818 659 deditque
848 625 995 659 operam
1014 640 1027 659 ‚
1062 622 1106 649 ut

120 670 223 703 quam
242 659 388 695 minime
407 662 521 696 multa
540 660 691 705 vestigia
707 659 889 695 servitutis
908 667 1107 694 manerent.

122 705 245 753 Quum
273 705 380 739 tantis
411 704 499 740 esset
516 705 675 750 opibus,
710 714 751 739 ut
771 704 877 739 etiam
896 702 1020 739 invitis
1040 703 1105 739 im·

121 759 247 793 perare
276 748 395 793 posset
412 775 424 794 ,
461 759 598 784 tantum
625 758 744 785 autem
772 748 921 784 haberet
946 758 1107 784 amorem

117 794 281 829 omnium
299 794 504 829 Siculorum
516 820 528 837 ,
554 803 595 829 ut
614 794 719 829 nullo
739 792 927 828 recusante
947 803 1100 838 regumn

122 839 328 875 obtineret:
355 839 483 874 maluit
500 838 537 873 se
558 838 686 883 diligi,
706 849 810 881 quam
828 838 954 872 metui.
982 837 1108 881 ltaque

122 894 233 926 quum
258 883 413 926 primum
440 882 585 927 potuit,
621 882 812 926 imperium
839 880 1034 926 deposuit,
1069 879 1109 917 &

119 927 280 971 privatus
298 927 473 973 Syracusis
486 953 497 971 ‚
519 925 619 970 quod
637 927 819 970 reliquum
838 927 921 961 vitae
939 925 1031 971 fuit,
1053 926 1109 961 vi-

120 972 191 1007 xit.
217 983 336 1015 neque
355 983 445 1008 vero
464 972 503 1007 id
522 972 687 1015 inperite
704 971 808 1007 fecit.
835 969 928 1005 Nam
940 970 1040 1013 quod
1052 982 1112 1005 ce-

122 1016 194 1051 teri
214 1028 317 1062 reges
339 1016 494 1061 imperio
514 1026 741 1061 potuerunt,
767 1016 828 1051 hic
846 1015 1111 1051 benevolentia

122 1062 257 1097 tenuit.
285 1060 424 1096 Nullus
448 1062 569 1098 honos
588 1061 674 1095 huic
694 1060 832 1095 defuit:
847 1070 966 1103 neque
985 1058 1112 1104 postea

120 1116 179 1141 res
199 1106 274 1141 ulla
292 1104 468 1151 Syracusis
488 1104 583 1151 gesta
594 1104 644 1140 est
664 1105 815 1149 publice
828 1131 840 1150 ‚
853 1103 899 1139 de
919 1115 988 1147 qua
1009 1105 1111 1148 prius

126 1149 170 1185 fit
198 1149 408 1195 decretum,
444 1162 549 1194 quam
576 1149 828 1186 Timoleontis
849 1148 1030 1184 sententia
1047 1159 1112 1184 co-

124 1195 237 1240 gnita.
271 1194 421 1230 Nullius
440 1206 593 1238 unquam
614 1194 805 1231 confilium
825 1205 900 1229 11011
921 1192 1034 1229 modo
1054 1204 1115 1228 an-
1132 1215 1135 1217 Δ

121 1240 296 1285 telatum,
321 1239 384 1274 sed
404 1250 449 1274 ne
469 1251 714 1283 comparatum
734 1238 878 1283 quidem
899 1236 963 1273 est.
989 1248 1109 1280 neque

122 1283 161 1334 id
180 1284 287 1330 magis
308 1284 568 1320 benevolentia
584 1284 716 1320 factum
736 1282 810 1329 est,
833 1294 935 1326 quam
953 1282 1112 1327 pruden-

120 1336 185 1364 t1a.

485 1372 516 1409 C
541 1386 564 1409 Λ
591 1384 624 1409 Ρ.
675 1373 751 1409 IV.

126 1415 206 1486 H
219 1417 252 1453 ic
270 1428 378 1461 quum
397 1426 499 1453 aetate
517 1419 585 1461 jam
606 1420 803 1462 provectus
823 1417 933 1462 essct,
947 1415 1033 1452 *sine
1054 1417 1111 1452 ul·

218 1463 256 1497 lo
276 1464 405 1498 morbo
426 1463 562 1498 lumina
582 1463 776 1498 oculorum
786 1461 910 1497 amisit.
936 1472 1037 1505 quam
1050 1472 1109 1496 ca-

123 1507 316 1542 lamitatem
336 1508 386 1543 ita
403 1507 589 1543 moderate
609 1507 716 1552 tulit,
729 1517 768 1542 ut
781 1511 905 1549 ⁴neque
925 1517 1005 1541 eum
1025 1518 1112 1549 que-

126 1562 267 1587 rentem
287 1553 473 1595 quisquam
493 1552 670 1596 audierit,
692 1562 810 1595 neque
832 1562 878 1587 eo
897 1550 1016 1586 minus
1037 1551 1112 1594 pri-

125 1596 216 1631 vatis
234 1597 465 1639 publicisque
485 1598 593 1632 rebus
614 1596 833 1631 interfuerit.
861 1595 1044 1630 Veniebat
1053 1606 1114 1629 au-

125 1649 200 1676 tem
218 1641 256 1675 in
278 1642 450 1676 theatrum
462 1666 474 1686 ‚
488 1652 596 1684 quum
615 1640 666 1675 ibi
685 1641 886 1676 concilium
904 1639 1037 1684 populi
1049 1639 1113 1674 ha-

126 1686 296 1729 beretur,
332 1695 488 1729 propter
513 1684 757 1720 valetudinem
785 1686 911 1720 vec‘tus
931 1683 1109 1726 jumentis

121 1728 279 1774 jumeris,
306 1735 411 1772 atque
431 1729 480 1764 ita
499 1728 545 1764 de
565 1729 762 1773 vehiculo,
784 1739 862 1771 quae
881 1728 1111 1773 videbantur,

127 1773 294 1808 dicebat:
330 1784 449 1816 neque
477 1775 549 1808 hoc
576 1773 631 1808 illi
651 1773 836 1818 quisquam
856 1773 1037 1809 tribuebat
1054 1772 1112 1807 su-
1144 1796 1146 1798 -

127 1818 277 1862 perbiae.
297 1817 408 1853 Nihil
420 1818 515 1853 enim
527 1829 681 1861 unquam
692 1844 704 1863 ‚
717 1829 835 1861 neque
847 1817 1012 1854 insolens
1023 1842 1036 1861 ,
1048 1828 1115 1852 ne-

128 1874 198 1906 que
216 1862 442 1908 gloriosum,
472 1874 519 1898 ex
539 1874 604 1899 ore
625 1864 701 1907 ejus
723 1863 840 1898 exiit:
862 1862 922 1905 qui
942 1861 1085 1905 quidem
1098 1887 1112 1906 ‚

128 1919 236 1951 quum
263 1906 340 1943 suas
369 1906 493 1942 laudes
521 1907 663 1943 audiret
680 1906 899 1952 praedicari,
934 1916 1115 1950 nunquam

129 1952 228 1987 aliud
248 1951 366 1997 dixit,
394 1963 496 1995 quam
515 1952 551 1987 se
573 1952 608 1987 in
631 1963 672 1988 ea
690 1963 728 1987 re
750 1951 921 1987 maximas
941 1951 1012 1986 diis
1034 1960 1112 2001 gra-

128 1995 194 2031 tias
213 2007 320 2041 agere
340 2023 352 2041 ‚
386 2006 492 2039 atque
511 1997 644 2032 habere
662 2023 675 2042 ,
710 1996 811 2040 quod
829 2007 934 2039 quum
951 1995 1113 2030 Siciliam

128 2051 290 2080 recreate
315 2039 581 2080 constituissent
598 2068 613 2089 ,
646 2051 722 2081 tum
747 2041 783 2079 se
811 2040 1026 2088 potiffimum
1046 2037 1114 2072 du-
