1170 2248
304 63 809 103 XIV.DA¹1·AM23.
1008 65 1052 98 61

72 111 166 150 sares
184 109 284 156 quod
302 109 340 148 &
366 122 471 147 manu
497 110 607 146 fortis
626 107 665 145 ἀ
683 109 784 144 bello
803 106 988 151 strenuus,
1013 104 1054 142 δε

72 157 149 202 regi
177 155 299 191 multis
323 155 421 191 locis
454 153 574 189 fidelis
601 163 676 188 erat
700 161 866 197 repertus
884 178 896 197 ‚
929 150 1056 186 habuit

72 200 295 244 provinciam
321 208 456 243 partem
482 197 624 233 Ciliciae
641 197 743 241 juxta
761 195 1053 240 Cappadociam,

71 255 174 288 quam
191 244 362 279 incolunt
379 242 594 287 Leucosyri.
621 241 788 276 Datames
806 240 960 276 militare
978 249 1055 274 mu-

68 299 136 323 nus
162 288 318 334 fungens
351 288 503 331 primum
521 312 534 331 ‚
562 287 677 329 qualis
703 285 815 330 esset,
848 283 989 327 aperuit
1014 283 1055 318 in

67 332 171 368 bello
183 357 195 376 ‚
223 331 323 376 quod
342 343 406 367 rex
424 329 590 366 adversus
608 328 782 364 Cadufios
803 329 914 374 gessit.
941 325 1054 362 Nam-

68 387 138 419 que
155 377 215 411 hic
232 376 354 411 multis
373 375 533 412 millibus
551 375 735 410 reoiomm
746 372 969 416 interfectis,
980 381 1052 406 ma-

67 420 132 471 gui
147 420 219 455 fuit
237 421 315 463 ejus
334 424 466 464 opera:
493 430 568 462 quo
593 401 725 454 {ictu-m
754 416 829 462 est,
854 425 916 461 ut,
944 425 1054 458 quum

68 475 109 499 ιιι
128 475 174 500 eo
193 465 296 500 bello
316 463 504 499 cecidisset
520 462 751 508 Camiffares,
763 471 911 507 paterna
928 459 965 496 ei
983 468 1053 496 tra-

70 507 219 544 deretur
244 509 451 552 provincia.

440 551 472 588 C
497 565 522 588 A
545 563 580 589 P.
629 551 680 588 ΙΙ.

69 597 181 666 Pari
210 596 246 633 se
271 598 406 633 virtute
433 597 558 641 postea
582 597 738 641 praebuit
754 621 767 640 ‚
802 605 909 640 quum
933 593 1053 629 Auto-

138 642 324 686 phradates
341 641 430 685 J‘uss‘u
449 642 544 686 regis
561 642 662 676 bello
679 641 955 684 persequeretur
972 648 1053 683 eos,

69 687 131 730 qui
163 685 387 720 defecerant.
437 684 602 728 Namque
636 685 714 728 eius
756 693 869 728 opera
908 681 1052 726 hostes,

69 740 177 774 quum
201 727 308 764 castra
324 730 393 772 jam
410 729 594 764 intrassent
604 754 615 773 ,
630 728 815 773 profligati
830 727 936 771 sunt,
949 736 1053 762 exer-

67 775 234 816 citusque
253 773 412 816 reliquus
433 773 663 808 conservatus
688 773 782 818 regis
810 770 881 806 est:
908 782 977 814 qua
1004 780 1052 805 ex

65 829 106 854 re
124 818 318 861 majoribus
338 818 444 852 rebus
463 817 607 861 praeeffe
628 817 750 860 ccepit.
785 815 872 850 Erat
895 826 941 851 eo
960 823 1051 849 tern-

67 874 161 908 pore
185 861 308 907 Thyus
332 861 495 907 dynastes
519 861 794 906 Paphlagoniae,
818 859 969 902 antiquo
989 869 1052 903 ge-

68 918 156 943 nere
174 915 275 941 natus
287 917 306 940 a
316 905 517 951 Pylaemene
528 905 596 940 illo
608 931 618 950 ‚
632 916 736 947 quem
747 905 932 940 Homerus
943 901 1054 937 Troi-

68 961 115 987 co
133 951 234 986 bello
253 961 271 985 a
287 949 454 985 Patroclo
472 950 702 985 interfectum
720 949 781 985 ait.
831 947 867 982 Is
893 958 930 982 re
959 947 971 980 i
997 945 1052 980 di-

68 997 129 1031 ἑὶο
156 994 304 1029 audiens
333 1006 408 1030 uon
435 1002 539 1028 erat:
575 1004 676 1037 quam
701 993 749 1028 ob
776 991 922 1027 caussam
975 990 1052 1025 ello

70 1050 151 1074 eum
170 1038 336 1082 persequi
356 1037 568 1082 constituit,
595 1037 702 1080 eique
725 1037 779 1071 rei
797 1034 961 1080 praefecit
977 1033 1052 1069 Da·-

70 1092 188 1118 tamen
207 1082 454 1126 propinquum
473 1081 732 1126 Paphlagonis:
747 1090 897 1122 namque
917 1089 963 1114 ex
979 1078 1053 1112 fra-

71 1136 126 1162 tre
145 1124 182 1162 &
201 1128 325 1162 sorore
345 1136 444 1162 erant
463 1126 556 1161 nati:
591 1137 692 1168 quam
711 1125 759 1160 ob
779 1123 924 1158 causs'am
943 1121 1054 1157 Data-

69 1182 145 1206 mes
165 1171 286 1206 onmia
302 1171 453 1214 primum
480 1170 639 1213 experiri
665 1169 806 1212 voluit,
833 1177 873 1202 ut
896 1165 970 1201 fine
996 1177 1050 1201 ar-

69 1216 138 1250 mis
158 1216 400 1258 propinquum
418 1214 462 1250 ad
473 1214 629 1250 officium
640 1212 844 1248 reduceret.
864 1210 924 1245 Ad
943 1220 1052 1253 quem

67 1271 177 1304 quum
196 1259 346 1294 venisset
363 1258 436 1293 fine
456 1257 620 1301 praefidio
633 1284 645 1303 ,
658 1255 758 1300 quod
776 1257 819 1291 ab
839 1253 1052 1290 amiconul-

66 1305 118 1341 las
139 1313 326 1339 vereretur
343 1302 509 1347 insidias,
522 1314 626 1346 poene
645 1300 810 1336 interiit:
833 1311 912 1335 nam
922 1298 1046 1343 Thyuc

66 1359 148 1383 eum
177 1348 265 1382 clam
291 1347 497 1382 interficere
532 1346 665 1381 voluit.
716 1345 803 1380 Erat
828 1353 941 1378 mater
966 1353 1050 1376 cum

64 1392 237 1436 Datame,
262 1392 365 1426 amita
389 1391 642 1436 Paphlagonis.
668 1401 729 1433 ea,
756 1387 842 1430 quid
860 1395 1048 1432 ageretur,

65 1436 213 1480 resciit,
241 1435 426 1478 filiumque
445 1435 598 1469 monuit.
650 1433 717 1468 Ille
743 1432 828 1475 fuga
844 1431 1049 1475 perieulum

66 1480 236 1523 evitavit,
262 1480 469 1522 bellumque
490 1478 622 1514 indixit
639 1477 760 1522 Thyo.
787 1477 824 1511 in
844 1487 916 1518 quo
938 1485 1046 1517 quum

64 1525 108 1560 ab
129 1523 373 1559 Ariobarzane
393 1523 564 1567 praefec'to
585 1522 708 1568 Lydiae
728 1518 766 1556 δε
785 1520 898 1555 Ionioe
918 1518 1052 1554 totius-

91 1579 136 1602 ue
162 1567 321 1613 Phrygiae
347 1567 507 1602 desertus
527 1566 636 1611 esset,
662 1566 777 1600 nihilo
796 1563 939 1609 segnius
964 1572 1047 1606 per-

82 1612 262 1657 everavit,
281 1612 472 1659 vivumque
492 1611 633 1657 Thyum
653 1609 752 1654 cepit
771 1619 852 1644 cum
872 1618 987 1645 uxore
1006 1604 1046 1643 <Sc

62 1657 200 1694 liberis.

425 1699 457 1736 C
481 1713 505 1737 A
531 1711 565 1736 P.
614 1699 682 1735 111.

66 1743 210 1816 Cujus
227 1746 311 1781 faeti
329 1757 374 1781 ne
393 1746 492 1789 prius
510 1745 602 1780 fama
618 1745 662 1780 ad
677 1755 798 1788 regem
810 1770 822 1788 ‚
834 1753 936 1787 quam
955 1741 1049 1785 ipse,

142 1790 372 1841 perveniret²
400 1789 503 1825 dedit
529 1800 690 1833 operam.
724 1790 849 1831 Itaque
877 1786 1047 1823 omnibus

64 1833 186 1869 insciis
199 1845 293 1878 ,e0‚
313 1834 375 1868 ub1
396 1843 471 1868 erat
489 1844 577 1877 rex,
599 1832 721 1868 venit:
747 1831 967 1874 posteroque
987 1828 1051 1863 die

64 1877 206 1929 Thyum
219 1903 230 1922 ,
255 1877 436 1912 hominem
456 1877 596 1912 maximi
616 1876 805 1918 corporis,
818 1872 1048 1914 terribilique

64 1922 182 1965 fame,
210 1921 308 1964 quod
335 1918 371 1955 δε
392 1921 515 1966 niger,
542 1918 578 1955 δε
604 1920 738 1962 capillo
765 1919 902 1963 longo,
928 1917 1052 1951 barba·

67 1977 136 2010 que
156 1975 229 2001 erat
247 1964 436 2008 promiffa,
462 1965 601 2008 optima
620 1961 716 1998 veste
735 1962 851 2006 texit,
876 1971 976 2004 quam
996 1959 1049 1994 sa-

65 2019 185 2054 trapae
204 2010 293 2055 regii
318 2020 443 2054 gerere
463 2005 972 2060 consueverant:ornavitque
992 2013 1045 2054 et—

67 2054 137 2115 iam
154 2064 306 2102 torque,
333 2051 369 2094 ὃς
388 2053 536 2094 mullis
554 2051 694 2099 aureis,
719 2060 914 2096 ceteroque
927 2058 1044 2129 crffiffi

363 2219 379 2226 x
