1170 2248
263 46 770 91 1.M11,·1·1Anns.
976 64 1027 102 17

402 94 434 129 C
458 106 483 130 A
509 106 542 131 Ρ.
592 96 640 133 ΙΙ.
900 100 904 103 ’

25 132 96 204 Ibi
113 132 213 170 brevi
233 143 401 181 tempore
428 140 658 176 barbarorum
684 142 803 187 copiis
829 141 1015 192 disicet-is,

46 215 49 218 ,
66 189 142 215 tota
161 179 314 225 regione
326 207 338 226 ,
351 193 455 224 quam
472 185 651 231 petierat,
672 188 836 235 potitus,
858 189 940 225 loca
960 202 1016 225 ca-

25 222 141 259 stellis
162 224 298 261 idonea
319 228 576 264 communivit:
597 231 889 279 multitudinem,
910 246 1015 277 quam

12 267 341 349 sccunffluxerat,
376 272 414 307 in
434 274 523 318 agris
544 275 764 321 collocavit,
801 279 1013 323 crebrisque

25 324 136 348 exeui
198 315 300 350 nibus
320 317 573 360 locupletavit.
624 318 758 364 Neque
781 322 896 358 minus
914 324 950 358 in
971 335 1014 360 ea

23 368 66 393 re
84 357 298 404 prudentia,
325 372 425 403 quam
445 362 649 407 felicitate,
676 366 815 409 adjutus
838 366 911 412 est3
932 379 1013 404 nam

23 412 131 445 qutun
152 404 288 439 virtute
308 405 462 441 militum
482 406 668 443 devieiss'et
694 409 850 446 hostium
871 412 1014 447 exerei-

26 455 110 490 tus,
136 446 266 483 sumina
284 449 449 492 aequitate
475 462 531 486 res
560 452 902 499 constituit,·atque
932 457 1011 500 ipse

21 490 162 527 ibidem
183 503 326 528 manere
352 494 526 531 decrerit.
548 507 626 532 erat
645 499 739 533 enim
761 502 857 535 inter
874 512 937 536 eos
959 501 1013 535 di-

23 536 161 581 gnitate
181 538 300 582 regia,
314 540 471 581 quamvis
492 543 634 576 carebat
653 543 814 579 nomine.
835 556 953 588 neque
973 544 1013 580 id

23 580 133 624 magis
153 580 330 627 imperio,
353 595 455 626 quam
471 584 626 630 justitia,
640 587 870 624 consecutus.
891 600 1011 632 neque

23 634 72 658 eo
100 623 215 659 secius
242 625 547 673 Athenienfibus‚
581 641 599 664 a
625 631 752 672 quibus
786 643 860 667 erat
886 635 1013 677 profe-

23 669 123 713 etus,
152 669 269 704 officia
285 670 479 713 praestabat.
531 673 673 722 Quibus
693 677 800 712 rebus
819 677 948 723 fiebat,
969 687 1012 714 ut

21 722 98 748 non
118 712 234 747 minus
252 725 377 749 eorum
398 717 584 752 voluntate
611 729 795 762 perpetuo
821 722 1011 766 imperium

19 755 210 792 obtineret
228 759 290 801 qui
315 759 503 804 miserant,
535 774 635 805 quam
654 764 799 800 illorum
822 777 899 802 cun]
932 767 1010 810 qui-

20 800 87 835 bus
107 811 183 836 erat
201 803 402 845 profeftus.
453 805 682 844 Chersoneso
704 810 766 844 tali
787 811 897 846 modo
919 823 1010 846 con-

20 841 142 880 stituta
161 844 337 884 Lemnum
367 850 584 898 revertitur,
612 850 647 887 ἀ
675 864 721 889 ex
750 856 856 897 paeto
884 855 1010 899 postu—

16 889 92 934 lat,
119 899 159 924 nt
178 889 240 925 fibi
262 894 384 928 urbem
404 894 553 931 tradant.
605 896 664 931 Illi
693 900 789 934 enim
817 899 1008 945 dixerant,

20 944 127 978 quum
146 944 259 972 vento
279 938 393 973 borea
412 938 523 976 domo
543 942 730 984 profectus
759 955 805 979 eo
823 945 1010 987 pervenis-

17 979 94 1020 set,
123 978 197 1014 sese
223 980 441 1018 dedituros:
467 984 503 1018 se
532 995 651 1019 antem
677 986 825 1023 domum
854 988 1010 1025 Cherso-

19 1022 95 1057 nest
115 1023 258 1059 habere.
309 1027 441 1071 Cares,
468 1029 532 1070 qui
561 1039 634 1064 tum
663 1029 840 1066 Lemnum
869 1033 1010 1069 incole-

17 1066 125 1112 bant,
154 1067 215 1103 etsi
246 1079 376 1112 praeter
399 1072 618 1115 opinionem
645 1086 700 1109 res
728 1076 933 1121 ceciderat,
960 1081 1015 1113 ta-'

18 1121 102 1147 men
124 1124 197 1148 non
220 1113 341 1158 dic'to,
369 1115 429 1150 sed
449 1116 603 1152 secunda
623 1118 768 1155 fortuna
787 1120 916 1157 advers
915 1123 1010 1157 ario-

18 1166 96 1191 rum
117 1158 235 1202 eapti,
263 1158 424 1194 relidere
445 1160 514 1195 auli
538 1174 612 1197 non
633 1163 737 1208 sunt,
759 1175 864 1208 atque
885 1177 932 1201 ex
953 1167 1009 1202 in-

15 1199 94 1235 sula
112 1200 369 1246 demigrarunt.
397 1204 476 1239 Pari
496 1205 674 1242 felicitate
695 1219 832 1244 ceteras
853 1210 1006 1256 insulas,

19 1255 97 1286 quae
127 1244 304 1290 Cyclades
335 1249 597 1296 nominantur,
633 1252 695 1288 sub
729 1252 1010 1292 Athenieniium

17 1288 161 1335 redegit
179 1290 407 1335 potestatem.

45 1356 49 1359 -
379 1338 412 1373 C
437 1350 460 1374 Λ
487 1350 520 1375 Ρ.
572 1340 639 1377 ΙΙΙ.

16 1373 195 1446 Eisdem
226 1382 455 1425 temporibus
484 1384 665 1422 Persarum
694 1398 758 1424 rex
779 1387 932 1436 Darius,
960 1402 1008 1428 ex

84 1422 165 1458 Asia
193 1424 228 1459 in
256 1426 440 1470 Europam
470 1430 634 1465 exercitu
663 1435 836 1479 trajecto,
865 1436 1007 1471 Sex-this

15 1465 154 1502 bellum
183 1468 316 1505 inferre
346 1472 522 1508 decl-exit.
558 1485 711 1518 pontem
741 1479 829 1513 feeit
859 1481 893 1515 in
916 1479 1006 1517 mro

16 1510 165 1546 flumine
178 1538 189 1556 ‚
203 1524 271 1555 qua
291 1516 413 1558 copias
433 1518 648 1554 traduceret.
664 1521 741 1565 ejus
762 1524 885 1566 pontis
898 1551 910 1570 ,
924 1525 1007 1561 dnm

16 1554 93 1597 ipse
119 1556 270 1602 abeffet,
299 1559 470 1596 custodes
498 1563 648 1605 reliquit
675 1567 885 1613 principes,
915 1581 1008 1613 quos

13 1598 133 1634 secum
156 1611 200 1635 ex
221 1601 324 1637 Ionia
343 1603 379 1638 &c
399 1606 551 1642 AEolidc
580 1608 745 1645 duxerat.
782 1613 911 1655 quibus
940 1614 1016 1649 liu->

14 1643 109 1696 gulis
131 1644 279 1688 ipsarum
306 1649 445 1684 urbium
464 1662 641 1695 perpetua
667 1654 816 1692 dederat
843 1658 1004 1702 imperia.

14 1687 74 1721 bic
103 1689 198 1724 enim
228 1692 364 1734 putavit
391 1695 564 1731 facillime
592 1697 629 1732 se
658 1698 783 1735 Graeca
808 1701 929 1749 lingua
951 1704 1009 1739 lo-

15 1741 194 1776 quentes,
221 1735 281 1777 qui
307 1736 422 1773 Aliam
450 1739 682 1788 incolerent,
709 1744 773 1779 sul)
800 1745 861 1781 sua
887 1757 1008 1783 reten-

15 1784 133 1810 turum
162 1779 340 1826 potestate
360 1808 372 1827 ,
407 1781 430 1817 fl
460 1785 579 1820 amicis
608 1786 678 1822 suis
707 1789 844 1833 oppida
873 1791 1009 1828 tuenda

14 1820 237 1871 tradidillet,
264 1825 414 1873 quibus,
441 1827 476 1862 se
498 1831 669 1872 opprcffo
689 1857 702 1876 ,
738 1835 836 1869 nulla
857 1835 935 1878 spes
956 1836 1005 1871 sa-

13 1864 101 1899 lutis
122 1866 396 1908 relinqueretur.
419 1870 459 1906 In
479 1873 549 1908 hoc
571 1873 636 1909 fuit
656 1885 729 1910 tum
752 1880 1006 1917 numeroMil-

15 1908 155 1953 titides,
184 1912 240 1945 eui
261 1913 322 1947 illa
339 1914 500 1951 custodia
518 1918 740 1955 crederetur.
768 1921 866 1966 Hie,
895 1935 1006 1967 quum

13 1954 131 1987 crebri
153 1955 323 1993 afferrent
342 1959 480 2004 nuntii,
494 1963 584 1997 male
604 1974 676 1998 rem
698 1966 1001 2015 gerereDariuln,

13 1998 204 2046 premique
225 2001 266 2034 al>
285 2002 652 2048 Scythis,Miltiadcs
672 2009 833 2045 hortatus
846 2011 896 2046 est
907 2023 1002 2056 pon-

12 2047 59 2079 us
80 2041 270 2093 custodes,
299 2059 343 2084 ne
364 2059 383 2083 a
401 2047 549 2086 soi-tuna
573 2051 688 2090 datam
709 2054 936 2093 oecalionem
958 2059 1003 2092 li-

839 2101 1006 2140 berandae

1113 0 1170 56 N
