1170 2248
282 58 856 102 nnuman-res.
1018 78 1060 114 55

79 103 142 141 sed
160 111 212 140 ne'
223 102 268 141 de
287 107 480 150 maj0ribus
499 118 582 143 natu
600 109 745 151 quidem
764 111 949 154 quisquam
960 122 1060 148 ante-

78 158 288 194 poneretur.
329 151 489 186 Multum
507 163 597 188 vero
615 153 652 187 in
672 154 773 190 bello
792 157 972 201 venetus,
997 157 1061 192 sae—

79 205 126 237 pe
146 194 366 230 exercitibus
384 196 550 241 praefuit3
562 198 730 240 nusquam
748 200 853 244 culpa
872 200 967 247 [sua]
986 213 1059 237 ma-

78 238 114 272 le
133 248 207 272 rem
226 239 347 284 gestit,
384 240 522 284 semper
540 241 697 277 consilio
716 242 823 288 vicit3
848 253 1058 289 tantumque

77 291 124 316 eo
142 282 275 327 valuit,
289 294 329 318 ut
345 285 455 320 multa
471 285 508 320 in
528 297 565 320 re
584 287 731 330 militari
750 288 879 330 partim
897 301 992 325 nova
1009 300 1062 325 at·

77 326 223 371 tulerit,
249 328 380 370 partim
398 329 549 364 meliora
566 329 706 366 fecerit.
733 331 898 376 Namque
919 334 984 369 ille
995 345 1060 378 pe-

59 367 208 405 zdestria
225 382 318 406 arma
335 373 505 418 mutavit,
519 385 624 417 quum
642 385 724 410 ante
742 376 846 411 illum
865 378 1061 422 imperato·
1076 405 1078 407 -

27 432 33 437 -
77 423 151 448 rem
170 415 333 451 maximis
353 418 491 462 clypeis
511 444 523 462 ‚
557 419 726 455 brevibus
744 419 875 466 hastis,
910 422 1060 458 minu-..s

76 457 205 502 gladiis
230 469 429 496 uterentur.
477 462 546 496 Ille
572 473 591 498 e
618 465 804 500 contrario
829 467 963 508 peltam
986 478 1059 510 pro

77 511 195 544 parma
211 501 322 549 fecit,
349 516 367 540 a
385 517 457 548 quo
475 505 600 550 postea
608 511 752 552 peltastae
770 510 914 552 pedites
932 512 1059 554 appel-

71 545 194 580 lantur
211 557 223 588 ς
257 557 297 583 ut
322 549 365 583 ad
383 559 503 585 motus
523 552 791 594 concursusque
811 554 924 589 essent
940 556 1060 591 levio-

75 600 146 624 res·
183 590 300 626 Hastae
318 593 463 629 modum
483 593 855 641 duplicavitzgladios
872 599 1064 644 longiores

73 633 177 669 fecit.
204 635 299 671 idem
319 648 433 682 genus
450 639 642 674 loricarum
661 640 831 686 mutavit,
845 639 882 677 δε
900 653 970 686 pro
989 644 1061 679 ser-

75 677 121 712 tis
140 687 247 722 atque
265 681 374 715 aeneis
392 682 522 717 linteas
540 681 656 718 dedit.
683 683 771 733 Quo
789 685 887 721 faeto
907 687 1062 730 expedi-

72 721 187 757 tiores
205 724 339 759 milites
358 725 534 761 reddidit.
592 738 668 762 nam
689 728 855 771 pondere
875 729 1060 777 detrac‘lo,

77 766 179 810 quod
196 777 296 812 aeque
316 779 471 849 corpusC
467 779 610 817 tegeret
626 769 672 851 <1551
682 773 764 808 leve
784 773 872 810 esset
879 800 892 821 ,
905 777 1059 812 curavit.

496 827 521 850 A
546 826 580 850 P.
676 842 685 852 .

75 853 133 925 B
147 856 256 891 ellum
277 868 357 894 cum
375 856 573 895 Thracibus
591 861 710 906 gefflt:
743 863 902 900 Seuthen
920 863 1061 901 socium

152 899 429 939 Atheniensium
448 905 484 939 in
503 915 651 950 regnum
669 905 838 943 restituit.
863 909 977 952 Apud
988 909 1063 945 Co-

72 944 126 979 rin
134 946 230 980 thum
264 956 360 982 tanta
392 949 582 984 severitate
608 952 792 987 exercitui
815 953 959 996 praefuit
976 979 988 999 ,
1023 964 1065 990 ut

75 990 183 1023 nullae
220 1001 371 1034 unquam
397 992 434 1026 in
465 993 604 1028 Graecia
631 1005 750 1037 neque
778 998 1059 1034 exercitatiores

78 1033 219 1078 copiae,
246 1046 364 1078 neque
383 1037 491 1079 magis
511 1037 611 1073 dieto
629 1039 819 1075 audientes
837 1039 975 1077 fuerint
992 1041 1057 1078 du-

78 1077 111 1111 ci
125 1089 133 1110 :
147 1077 182 1111 in
204 1089 351 1122 eamque
370 1081 671 1117 consuetudinem
689 1083 839 1119 adduxit
850 1111 862 1130 ‚
874 1095 935 1131 ut,
948 1098 1057 1130 quum

74 1122 195 1164 proelii
220 1121 355 1168 iignum
379 1126 420 1160 ab
446 1125 661 1168 imperatore
688 1128 775 1163 ess'et
799 1128 915 1165 datum
935 1156 947 1175 ‚
981 1131 1058 1168 sine

78 1164 180 1200 ducis
200 1177 309 1210 opera
326 1167 374 1203 fic
393 1168 566 1205 ordinatae
585 1170 842 1218 consisterent,
871 1185 911 1210 ut
931 1175 1064 1222 singuli

77 1209 120 1243 ab
154 1211 365 1253 peritissimo
399 1214 617 1256 imperatore
642 1215 808 1259 dispositi
833 1217 1059 1256 viderentur.

76 1251 163 1288 Hoc
183 1256 347 1290 exercitu
366 1268 500 1292 moram
516 1256 881 1297 Lacedaemoniorum
900 1263 1063 1301 interce-

103 1297 131 1332 it
150 1310 159 1332 :
194 1300 294 1342 quod
318 1302 468 1337 maxime
494 1310 572 1337 tota
595 1305 815 1341 celebratum
833 1305 885 1342 est
904 1308 1057 1345 Graecia.

72 1307 212 1377 fterum
236 1343 367 1380 eodem
391 1346 496 1381 bello
523 1357 649 1382 omnes
669 1350 794 1394 copias
813 1362 937 1387 eorum
955 1354 1059 1400 fuga-

73 1386 140 1420 vit.
197 1399 271 1430 quo
301 1389 398 1425 fac‘to
431 1401 589 1435 magnam
621 1392 772 1437 adeptus
807 1394 858 1430 cst
890 1398 1058 1442 gloriam.

74 1430 196 1478 Quum
220 1430 441 1469 Artaxerxes
465 1436 643 1481 AEgyptio
669 1439 744 1484 regi
762 1439 898 1475 bellum
920 1441 1058 1478 inferre

74 1475 216 1520 voluit,
243 1476 457 1520 Iphicraten}
478 1481 519 1514 ab
537 1479 823 1518 Atheniensibus
840 1486 974 1528 petivit
993 1487 1064 1522 du·

75 1527 153 1553 cem
165 1545 176 1563 ‚
189 1531 294 1563 quem
312 1521 516 1565 praeficeret
533 1526 712 1561 exercitui
729 1527 960 1566 conduciitio
971 1556 983 1576 ,
996 1543 1061 1567 cu·

72 1562 136 1606 jus·
154 1575 321 1600 numerus
341 1565 534 1602 duodecim
553 1568 706 1606 millium
723 1571 809 1607 fuit.
859 1584 962 1616 quem
983 1577 1062 1619 qui-

75 1605 157 1642 dem
181 1607 228 1643 sic
253 1607 353 1645 omiii
377 1611 570 1656 disciplina
593 1613 739 1650 militari
764 1616 922 1653 erudivit
987 1630 1027 1655 ut
1044 1645 1059 1665 ‚

74 1652 374 1693 quemadmodum
399 1656 580 1700 quondam
603 1663 742 1694 Fabiani
763 1660 896 1697 milites
920 1644 1060 1699 Iioma-

73 1695 114 1744 pi
137 1697 309 1739 appellati
333 1699 414 1735 sunt
431 1726 442 1746 ‚
477 1699 525 1736 sic
542 1706 775 1748 Iphicratensbs
793 1705 886 1748 apud
907 1706 1061 1744 Graecos

72 1749 111 1772 in
130 1738 258 1776 summa
275 1742 380 1778 laude
397 1744 546 1781 fuerint.
589 1746 690 1782 Idem
708 1747 864 1785 subsidio
884 1749 1058 1787 Laccdae·

72 1784 207 1823 moniis
223 1787 430 1835 profectus,
443 1789 706 1833 Epaminondae
722 1794 912 1830 retardavit
931 1796 1059 1841 incep-

73 1834 132 1860 tus
145 1839 153 1862 :
166 1839 243 1862 nam
262 1829 324 1864 nifi
344 1834 422 1875 ejus
440 1834 617 1870 adventus
628 1837 967 1884 appropinquasset,
979 1851 1055 1876 non

73 1871 177 1920 prius
195 1871 358 1908 Thebani
374 1876 496 1919 Sparta
512 1878 770 1926 absceffiss'ent,
797 1893 899 1926 quam
917 1893 1058 1928 captam

72 1915 248 1953 incendio
267 1916 454 1956 delessent.

74 2002 196 2080 Fuit
213 2017 329 2043 autem
349 2005 387 2044 δε
405 1965 696 2058 affinffopmagInIAE
728 2010 765 2051 &
786 2024 966 2064 corpore,
992 2020 1056 2056 im-

141 2053 394 2101 peratoriaque
409 2055 546 2099 forma,
559 2065 599 2092 ut
615 2057 695 2104 ipso
712 2059 855 2106 aspectu
874 2064 1056 2116 cuivis-in-

566 2111 589 2145 4
966 2119 1057 2153 ,nce-
