1170 2248
158 90 162 94 .
260 63 773 103 ’1.ΜῐιτῐΑὈΕς.
902 93 905 95 -
960 76 1012 113 ,19

14 145 17 149 ,
56 107 215 145 raeeffent
233 134 246 155 ‚
280 111 317 145 in
337 110 388 144 eis
407 110 624 155 Miltiades,
659 111 758 146 inter
774 117 866 154 quos
883 120 1012 158 magna

47 154 100 188 uit
117 154 334 199 contentio,
356 163 473 188 utrum
492 155 667 190 moenibus
686 155 722 190 se
739 154 1010 201 defenderent,

26 207 71 232 an
91 196 233 232 ‘obviam
253 199 347 233 irent
366 197 550 244 hostibus,
584 199 732 243 acieque
753 199 1009 251 decernerent.

26 240 132 277 Unus
152 241 341 277 Miltiades
362 242 516 278 maxime
528 244 730 288 nitebatur,
742 253 783 278 ut
792 255 907 288 prlmo
919 256 1012 288 quo-

27 295 98 328 que
117 296 285 329 tempore
306 285 413 321 castra
430 286 581 322 fierent:
597 287 633 322 id
653 286 677 323 fi
696 289 828 323 faenum
848 288 1011 335 ess’et‚&

26 329 167 364 civibus
196 330 349 365 animum
369 331 584 366 accessurum
604 357 617 376 ‚
651 343 758 375 quum
777 332 945 368 viderent
963 333 1023 368 de-

26 383 152 408 corum
173 374 305 409 virtute
327 386 402 409 non
423 375 602 419 desperari
615 388 624 410 :
637 373 674 411 δι
694 374 815 411 hostes
836 376 958 412 eadem
971 388 1013 413 re

23 416 107 452 fore
127 418 302 453 tardiores
314 444 326 462 ‚
355 418 380 453 fi
401 419 726 455 animadverterent
744 420 868 457 auderi
887 421 1012 459 adver-

22 459 82 497 sus
101 461 137 497 se
158 471 226 497 tam
247 462 389 508 exiguis
408 464 528 541 &opiis
549 463 734 544 diinfieare.

463 520 487 543 A
513 518 546 543 Ρ.
633 534 644 543 .

26 548 168 619 Hoc
199 550 237 586 in
266 561 429 595 tempore
458 553 557 587 nulla
577 552 710 589 civitas
729 552 1015 592 Atheniensibus

121 595 260 631 auxilio
277 596 348 630 fuit
368 606 499 639 praeter
516 595 753 642 Plataeenses‚
765 609 807 633 ea
826 600 925 635 mille
948 602 1012 637 mi0

28 637 72 674 sit
91 639 260 674 militum.
287 639 409 682 Itaque
429 640 556 675 horum
575 641 734 676 adventu
753 642 879 678 decem
899 645 1014 680 millia

28 692 241 717 armatorum
263 685 448 727 completa
465 683 547 719 sunt
568 696 577 718 :
614 696 691 728 quae
711 697 835 722 manus
856 689 1015 724 mirabili

25 726 194 771 flagrabat
213 727 395 772 pugnandi
416 728 614 771 cupiditate
636 755 648 773 .,
684 742 757 773 quo
775 731 906 767 fac'tum
927 732 978 767 est
998 758 1014 779 ‚

25 779 67 806 nt
85 770 190 815 plus,
218 782 319 814 quam
338 772 515 818 collegat,
537 774 727 810 Miltiades
746 776 1017 822 valuerittejus

27 815 126 849 enim
146 816 359 851 auc'toritate
380 816 519 860 impulfi
538 817 781 855 Athenienses
794 846 805 864 ‚
818 820 942 865 copias
964 832 1015 858 ex

25 859 115 893 urbe
145 858 351 895 eduxerunt
369 885 380 904 ‚
417 862 576 904 locoque
607 862 748 899 idoneo
778 863 886 900 castra
913 866 1013 901 fece-

25 912 122 938 runt.
159 902 292 939 deinde
312 903 462 947 postero
483 905 544 941 die
563 906 627 941 sub
648 908 783 943 montis
803 909 1010 955 radicibus,

26 946 104 981 acie
128 957 146 981 e
168 947 320 993 regione
339 947 505 985 inm-ueta
524 976 537 995 ,
571 963 666 986 nova
684 962 759 987 arte
778 978 790 997 ‚
825 954 862 988 vi
880 953 1013 990 summa

27 990 190 1033 praelium
218 992 504 1037 commiserunt3
538 1006 691 1037 namque
719 997 865 1032 arbores
886 999 1022 1035 multis·

23 1035 118 1069 locis
138 1045 239 1069 crant
257 1047 339 1070 ratze
359 1063 370 1080 ‚
405 1038 476 1072 hoc
495 1038 651 1074 consilio
673 1065 685 1083 ,
718 1049 758 1074 ut
777 1037 814 1075 ὃς
834 1042 1015 1078 montium

23 1087 238 1124 tegerentur
257 1080 477 1126 altitudine,
504 1079 540 1117 δε
560 1082 724 1118 arborum
745 1086 856 1120 trae‘tu
875 1087 1021 1130 equita-¹

23 1131 83 1157 tus
111 1121 263 1157 hostium
288 1124 528 1169 impediretur
545 1152 557 1171 ‚
594 1138 638 1162 ne
659 1128 895 1165 multitudine
915 1132 1014 1166 clau-

25 1166 211 1202 dorent-mr.
237 1168 363 1213 Datis,
385 1169 449 1204 etsi
469 1182 543 1205 non
564 1182 701 1214 aequum
722 1172 844 1208 locum
862 1174 1013 1212 videbat

24 1210 97 1245 suis
119 1236 130 1254 ‚
174 1221 293 1247 tamen
329 1213 444 1249 fretus
474 1225 625 1250 numero
654 1216 839 1259 copiarum
869 1218 1013 1257 suarum

24 1255 227 1298 confligere
248 1257 441 1300 cupiebat:
477 1269 595 1301 eoque
614 1261 749 1306 magis,
775 1262 875 1305 quod
894 1264 1012 1306 prius-

25 1309 127 1341 quam
147 1300 418 1337 Lacedaemonii
439 1300 595 1338 subsidio
615 1305 806 1351 venirent,
819 1306 1014 1356 dimicare,

27 1343 118 1378 utile
138 1345 383 1381 arbitrabatur.
410 1346 535 1390 Itaque
555 1348 590 1382 in
613 1350 728 1384 aciem
747 1350 909 1393 peditum
923 1363 1012 1388 cen-

24 1395 99 1423 tum
112 1413 124 1432 ,
146 1390 307 1432 equitum
328 1390 456 1426 decem
476 1392 587 1427 millia
605 1394 806 1440 produxit,
828 1397 1010 1439 praelium-

25 1442 96 1474 quc
117 1432 306 1468 commifit.
351 1435 392 1469 In
414 1446 486 1478 quo
508 1446 610 1471 tanto
630 1438 711 1480 plus
735 1439 868 1475 virtute
887 1442 1011 1477 value-

22 1485 107 1511 runt
126 1475 444 1524 Athenienses,ut
461 1479 724 1525 decemplicem
746 1495 929 1520 numerum
943 1487 1012 1521 ho-

22 1517 126 1555 stium
147 1522 388 1568 profligarent
407 1535 417 1558 τ
450 1524 616 1568 adeoque
637 1537 932 1575 perterruerunt,
969 1540 1010 1566 ut

22 1561 136 1599 Pcrsae
157 1577 232 1601 non
251 1565 381 1612 castra,
407 1567 469 1603 sed
491 1580 597 1604 naves
616 1579 797 1614 peterent.
843 1572 923 1620 Qua
942 1586 1009 1618 pu-

21 1618 93 1654 gna
125 1609 218 1644 nihil
246 1610 361 1649 adhuc
389 1610 440 1647 est
468 1614 640 1649 nobilius.
691 1616 789 1652 nulla
817 1623 914 1652 enim
943 1630 1011 1653 un-

23 1663 129 1697 quam
150 1663 218 1689 tam
239 1655 369 1702 exigua
373 1668 509 1736 &nanus
529 1668 644 1738 tanrtzlis
665 1670 756 1703 opes
775 1659 984 1705 prostravit.

430 1713 453 1736 A
480 1713 514 1737 P.
628 1729 638 1739 .

23 1740 181 1810 Cujus
204 1744 367 1780 vietoriae
396 1757 471 1781 non
501 1747 656 1783 alienum
685 1747 862 1797 videtur,
897 1752 1006 1796 quale

101 1788 282 1828 praemium
301 1789 462 1825 Miltiadi
484 1789 526 1826 fit
545 1791 739 1839 tributum,
752 1793 901 1830 docere.
929 1807 1006 1839 quo

20 1829 165 1866 facilius
189 1831 349 1878 intelligi
369 1833 475 1878 poffit
524 1835 675 1872 eandem
696 1840 858 1874 omnium
877 1840 1006 1877 civita-

22 1883 98 1910 tum
129 1874 199 1910 ess'e
229 1886 402 1912 naturam.
461 1860 514 1914 [Jt
540 1881 670 1924 populi
700 1880 813 1917 nostri
841 1883 1007 1921 honore:

23 1918 202 1963 quondam
239 1919 388 1956 fuerunt
407 1922 476 1958 rari
504 1919 542 1958 &
570 1933 699 1960 tenues
717 1951 730 1967 ‚
774 1927 825 1962 ob
854 1938 1006 1972 eamque

20 1963 168 1998 caussam
188 1963 360 2009 gloriosi3
381 1977 478 2002 nunc
493 1977 610 2003 autem
631 1969 730 2005 effufi
744 1996 756 2013 ‚
769 1980 874 2014 atque
895 1973 1007 2009 obso-

16 2007 107 2043 leti:
121 2006 167 2042 sic
187 2008 274 2043 olim
295 2009 390 2052 apud
405 2009 650 2048 Athenienses
669 2014 776 2051 fuisse
786 2017 1003 2060 reperimus.

19 2048 187 2107 Namque
204 2052 291 2100 &QG
308 2054 496 2145 lunt-iad}
514 2057 587 2143 aqui
604 2056 792 2111 Athenas,
815 2069 1007 2152 ςοωιὲἶῖς
