1170 2248
118 75 196 110 ,κιο
373 61 636 99 commun
659 55 886 93 Nero-ns

1124 63 1137 77 ,,

127 118 201 153 rius
230 111 348 155 filius,
372 109 430 143 M.
460 106 616 141 Cicero:
643 112 734 146 quos
761 94 1025 135 consuetudine
1052 88 1166 139 sual'ffs*

127 157 278 209 {ie-fibi*
295 155 485 197 devinxit,
510 160 552 185 ut
580 159 688 184 nemo
716 145 760 182 iis
788 151 970 189 perpetuo
1004 137 1135 182 fuerit&

128 213 259 241 carior.
1146 210 1151 213 .

506 254 646 291 CAP.
691 250 753 287 11.

130 317 188 387 P
203 326 278 353 ater
295 324 430 351 mature
450 310 608 348 deccffit.
619 307 696 351 ipse
714 303 1013 341 adolescentulus
1033 311 1118 346 pro·

217 372 300 406 Pter
327 360 532 396 affinitatem
562 354 601 390 P.
630 350 812 395 Sulpicii,
849 349 911 392 qui
936 347 1122 382 Tribunus

133 408 236 452 pleb.
262 405 476 441 interfec'tus
498 398 571 444 est,
599 409 674 433 non
695 406 825 438 expers
844 394 915 428 suit
938 392 1036 428 illius
1058 401 1122 434 pe-

133 450 255 488 riculi.
313 449 479 489 Namque
512 443 644 479 Anicia
670 438 869 483 Pomponii
902 435 1123 472 consobrina

135 495 306 540 nupserat
331 494 387 528 M.
408 489 558 533 Servio,
583 486 685 522 fratri
713 484 752 519 P.
783 482 947 525 Sulpicii.
997 479 1124 521 Itaque
1151 490 1156 495 ·

134 540 334 575 interfecto
363 538 403 573 P.
423 535 615 578 Sulpicio3
641 528 872 574 posteaquam
892 525 1009 570 vidit,
1035 522 1126 558 Cin-

135 596 232 621 nano
254 582 412 619 tumultu
432 580 616 615 civitatem
637 574 706 610 ess'e
727 572 965 617 perturbatam
979 595 990 613 ‚
1006 576 1123 611 neque

134 628 201 665 fibi
221 628 295 663 dari
313 625 518 662 facultatem
537 633 605 666 pro
634 619 810 663 (lignitate
841 614 1011 658 vivendi,
1038 612 1126 655 quin

142 673 347 709 alterutram
367 680 501 714 partem
523 664 754 707 offenderet,
780 659 974 696 dill'ociatis
996 656 1127 693 animis

139 718 294 760 civium,
321 726 426 758 quum
449 713 511 747 alii
531 709 710 756 Syllanis,
737 706 798 741 alii
825 703 999 739 Cinnanis
1028 701 1128 736 fave·

139 771 224 798 rent
242 761 423 805 partibus:
445 757 617 792 idoneum
642 761 782 795 tempus
803 760 896 784 ratus
915 746 1042 782 studiis
1063 746 1128 781 ob-

140 805 318 850 sequendi
347 804 442 847 suis,
469 801 631 835 Athenas
661 798 696 831 ie
731 794 905 830 contulit.
933 801 1051 834 neque
1081 800 1129 824 eo

139 851 261 886 secius
282 848 551 883 adolestentem
563 841 721 877 Marium
733 866 744 884 ‚
758 838 897 873 hostem
915 836 1128 880 judicatum,

139 896 236 939 juvit
255 893 389 936 opibus
408 891 502 925 suis:
529 888 630 930 cujus
650 885 769 930 fugam
788 882 942 926 pecunia
969 879 1133 914 subleva-

141 940 214 974 vit.
265 938 317 972 At
343 948 388 971 ne
415 936 478 969 illa
504 930 751 976 peregrinatio
785 927 1038 962 detrimentum
1067 922 1131 957 ali-

145 981 246 1028 quod
265 983 408 1017 afferret
427 979 480 1014 rei
499 975 687 1018 familiari,
715 971 844 1008 eodem
866 979 1022 1016 magnam
1052 977 1132 1010 pat-

143 1039 218 1065 tem
240 1028 464 1062 fortunarum
484 1021 626 1065 trajecit
644 1018 795 1054 suarum.
848 1015 921 1050 Hic
941 1015 991 1048 ita
1015 1012 1131 1056 vixit,

146 1083 187 1108 ut
215 1069 386 1106 universis
414 1064 696 1103 Atheniensibus
724 1060 856 1097 merito
893 1059 979 1094 ess'et
1007 1055 1133 1091 cariffi-

147 1128 238 1153 mus.
283 1116 401 1158 Nam,
427 1111 558 1157 praet'er
575 1108 720 1155 gratiam
733 1132 744 1152 ‚
773 1116 848 1149 quae
866 1105 932 1148 jam
952 1103 988 1137 in
1009 1100 1136 1136 adole-

147 1161 315 1197 scentulo
336 1170 461 1204 magna
479 1165 577 1199 emt,
592 1153 719 1196 saepius
740 1151 810 1186 suis
823 1150 952 1193 opibus
973 1144 1136 1189 inopiam

148 1216 274 1242 eorum
293 1204 476 1249 publicam
505 1200 650 1235 levavit.
696 1197 817 1245 Quum
839 1194 936 1229 enim
955 1190 1136 1226 versuram

146 1252 268 1285 facere
289 1248 437 1293 publice
458 1244 599 1281 necesse
623 1241 732 1285 esset,
761 1250 879 1283 neque
900 1238 977 1281 ejus
1003 1232 1136 1270 condi·

149 1296 286 1330 tionem
308 1304 438 1335 mquam
459 1291 652 1325 haberent:
680 1286 822 1329 semper
840 1283 876 1318 se
899 1278 1134 1323 interposuit,

148 1350 256 1382 atque
278 1343 348 1381 ita,
376 1345 415 1370 ut
436 1344 553 1375 neque
575 1332 712 1366 usuram
732 1339 887 1369 uuquam
907 1327 949 1360 ab
970 1325 1014 1359 iis
1034 1332 1139 1358 acce-

147 1383 266 1428 perit,
293 1390 411 1424 neque
441 1377 612 1423 longius,
639 1386 741 1417 quam
771 1373 904 1407 dietum
934 1368 1045 1413 esset,
1073 1375 1140 1402 eos

151 1427 288 1463 debere
309 1424 421 1469 pass'us
443 1422 500 1458 fit.
545 1420 660 1469 Quod
679 1427 866 1459 utrumque
889 1423 963 1449 erat
981 1413 1026 1447 iis
1048 1411 1140 1447 salu-

149 1483 241 1508 tare.
289 1470 384 1505 Nam
405 1477 522 1510 neque
542 1462 771 1508 indulgendo
790 1458 1052 1495 inveterascere
1074 1466 1140 1491 eo-

151 1528 230 1552 rum
248 1527 293 1550 aes
313 1515 468 1549 alienum
496 1510 721 1555 patiebatur,
748 1515 866 1547 neque
894 1500 1139 1544 multiplican-

152 1561 209 1596 dis
229 1559 342 1595 usuris
363 1556 538 1592 erescere.
553 1552 672 1588 Auxit
689 1553 760 1586 hoc
780 1548 938 1585 officium
959 1546 1026 1581 alia
1047 1555 1138 1588 quo·

155 1616 226 1649 que
247 1603 477 1640 liberalitate.
527 1598 621 1634 Nam
646 1594 830 1631 universos
859 1592 1046 1627 frumento
1073 1588 1141 1633 d07

146 1649 278 1693 navit,
298 1649 347 1682 ita
366 1655 405 1680 ut
426 1643 572 1690 lingulis
594 1642 730 1685 septem
749 1637 863 1673 modii
885 1634 996 1670 tritici
1016 1633 1143 1668 daren-

155 1692 312 1773 turli‘qui
331 1690 458 1726 modus
480 1686 654 1723 mensura:
667 1683 894 1730 ‚medimnus
906 1678 1062 1714 Athenis
1082 1688 1142 1722 ap-

158 1748 207 1783 pe
240 1746 332 1772 atur.

507 1790 538 1826 C
563 1803 588 1826 A
614 1800 648 1825 Ρ.
699 1786 783 1822 ΙΙΙ.

158 1854 285 1927 Hic
308 1863 424 1889 autem
443 1849 491 1886 fic
510 1850 545 1885 se
570 1848 740 1892 gerebat,
766 1852 806 1878 ut
833 1839 1034 1877 communis
1065 1835 1144 1873 infi-

266 1900 355 1943 mi3‚
381 1907 446 1940 par
469 1893 698 1939 principibus
730 1888 929 1925 videretur.
979 1883 1066 1933 Quo
1091 1882 1145 1917 fa-

161 1949 256 1981 etum
279 1942 354 1986 est,
367 1952 407 1976 ut
427 1941 510 1975 huic
531 1948 657 1974 omnes
677 1937 860 1975 honores,
873 1940 964 1973 quos
983 1927 1141 1972 poss'ent,

161 1988 310 2033 publice
321 1987 493 2021 haberent
504 2010 516 2029 ‚
528 1983 714 2023 civemque
725 1979 844 2013 facere
857 1974 1052 2010 studerent.
1065 1982 1140 2013 quo

160 2031 343 2069 beneficio
357 2031 417 2065 ille
430 2029 481 2063 uti
495 2027 628 2062 noluit.
656 2021 768 2073 Quod
788 2015 1141 2057 nonnulliitainter-

163 2085 351 2124 Pretantur
360 2101 372 2122 ,
384 2073 499 2111 amitti
511 2071 695 2111 civitatem
706 2066 908 2106 Romanam
919 2058 1142 2155 3ὶέῧὲξὲἰῆηὰ

1080 2117 1102 2140 ί.
