1170 2248
119 85 165 121 42
350 76 614 116 Constant
646 77 883 116 Nato-ris

121 121 234 158 destia
251 123 404 160 militum
434 123 636 161 nostrorum
668 125 810 161 occasio
840 125 949 160 detur
974 122 1109 172 Lysan-

119 167 189 203 dro
213 167 325 202 nostri
345 169 580 212 opprimendi
601 170 796 205 exercitus.
831 168 963 212 Neque
991 182 1030 206 ea
1050 181 1109 206 res

117 211 225 246 illum
236 212 376 247 fefellit
387 223 399 255 ς
410 224 486 248 nam
501 213 684 251 Lvsander
707 225 812 257 quum
827 215 1108 256 perspeculato-

116 265 178 290 res
199 253 608 303 comperiss‘etfl'ulssum
629 240 902 293 Atheniensium
925 260 960 292 in
979 268 1107 294 terram

113 299 313 343 praedatum
335 301 469 346 exiss‘e,
483 302 658 345 navesque
679 313 780 346 paene
801 302 924 336 inanes
946 303 1104 347 relietas,

115 351 262 386 tempus
281 345 334 379 rei
359 346 526 391 gercndae
548 358 622 382 non
648 345 801 391 dimifit,
829 356 947 389 eoque
965 347 1106 391 impetu

115 396 236 423 totum
255 389 393 424 bellum
412 389 563 426 delevit.

486 434 517 469 C
542 446 565 470 A
592 446 626 470 P.
676 435 743 470 IX.

190 486 205 512 t
218 475 427 514 Alcibiades
439 479 541 514 vietis
553 478 831 516 Atheniensibus
851 492 925 517 non
947 481 1027 516 satis
1049 489 1105 517 tu-

200 531 233 556 ta
254 523 378 557 eadem
399 524 481 557 loca
492 523 556 557 fibi
569 524 754 560 arbitratus
767 551 778 569 ,
791 527 934 568 penitus
947 527 980 560 in
994 526 1105 560 Thra-

116 566 207 600 ciam
227 566 262 601 se
282 566 387 610 supra
407 566 670 611 Propontidem
698 569 861 614 abdidit,
889 571 1034 613 sperans
1053 570 1104 604 ibi

113 610 393 646 facillimesuam
412 612 595 647 fortunam
615 614 736 648 occuli
755 613 868 657 posse.
881 613 985 649 falso.
1011 613 1107 649 Nam

114 653 275 690 Thraces
307 654 495 698 postquam
528 668 609 691 eum
629 668 708 691 cum
728 669 850 702 magna
867 658 1026 700 pecunia
1044 669 1104 693 ve-

114 698 201 734 nisse
223 699 583 744 senserunt,insidias
605 702 638 735 ei
659 701 838 737 fecerunt.
860 703 918 744 qui
941 713 1002 747 ea,
1025 713 1104 745 quae

114 744 345 787 apportavit,
372 743 615 788 abstulerunt,
642 745 756 789 ipsum
776 757 904 790 capere
930 758 1003 781 non
1035 758 1104 790 po—

113 795 277 822 tuerunt.
327 788 396 822 Ille
417 800 571 824 cernens
592 790 729 824 nullum
759 790 883 826 locum
903 789 966 824 fibi
987 800 1104 826 tntum

109 829 150 866 in
174 831 314 867 Graecia
331 842 485 876 propter
503 833 706 876 potentiam
727 833 1102 880 Lacedaemoniorum‚

113 875 158 911 ad
179 875 442 912 Pharnabazum
462 877 498 912 in
519 876 636 912 Afiam
656 878 814 923 transsit,
835 889 938 922 quem
957 879 1105 922 quidem

113 919 208 955 adeo
235 920 295 955 sua
324 921 423 964 cepit
449 922 691 966 humanitate,
718 932 759 957 ut
781 935 861 958 eum
880 935 987 959 nemo
1010 924 1046 958 in
1067 935 1103 959 a-

112 963 251 999 micitia
269 965 514 1000 antecederet.
550 965 715 1009 Namque
738 967 772 1001 ei
793 967 971 1003 Grunium
991 967 1103 1003 dede-

112 1018 167 1042 rat
186 1009 221 1044 in
243 1008 391 1054 Phrygia
411 1008 558 1044 castrum
571 1036 583 1055 ,
606 1021 657 1045 ex
687 1022 760 1053 quo
781 1012 1030 1056 quinquagena
1050 1021 1101 1047 ta-

112 1052 215 1088 lenta
234 1054 422 1098 veeiigalis
442 1054 620 1097 capiebat.
672 1054 753 1103 Qua
779 1056 925 1090 fortuna
943 1055 1104 1091 Alcibia-

113 1096 179 1131 des
209 1109 284 1132 non
314 1108 388 1132 erat
414 1108 632 1143 contentus,
659 1110 778 1142 neque
806 1099 967 1135 Athenas
993 1101 1103 1135 victas

112 1137 404 1176 Laccdaemoniis
433 1142 564 1178 servire
593 1153 739 1186 poterat
767 1145 856 1187 pati.
905 1144 1031 1188 Itaque
1058 1144 1103 1179 ad

110 1185 259 1228 patriam
279 1186 495 1222 liberandam
516 1187 615 1222 omni
640 1188 825 1229 ferebatur
852 1189 1103 1234 cogitatione3

110 1228 176 1264 sed
194 1230 341 1265 videbat
359 1230 397 1264 id
417 1230 492 1266 sine
512 1243 595 1277 rege
615 1231 794 1267 Persarum
823 1244 896 1268 non
918 1233 1017 1277 poss'e
1038 1232 1103 1268 fie-

110 1272 166 1318 ri,
192 1273 350 1317 ideoque
372 1286 450 1310 eum
481 1276 630 1310 amicum
659 1276 721 1310 sibi
752 1277 921 1320 cupiebat
939 1277 1098 1323 adjungi.

111 1328 230 1361 neque
252 1318 434 1354 dubitabat
453 1319 562 1354 facile
583 1320 618 1354 se
639 1320 939 1366 consecuturum,
975 1322 998 1358 fi
1020 1333 1099 1357 mo—

110 1361 161 1397 do
188 1363 264 1406 ejus
285 1364 529 1399 conveniundi
549 1365 723 1400 habuisset
739 1364 968 1408 potestatem.
1004 1364 1100 1401 Nam

110 1405 245 1452 Cyrum
265 1407 410 1442 fratrem
431 1409 464 1442 ei
483 1409 618 1443 bellum
640 1410 729 1444 clam
749 1419 894 1454 parare,
929 1409 1099 1444 Lacedae·

109 1451 242 1486 moniis
262 1451 537 1496 adjuvantibus,
563 1453 710 1488 sciebat.
737 1454 774 1488 id
794 1453 820 1488 fi
839 1455 873 1488 ei
893 1455 1098 1501 aperuisset,

108 1505 268 1541 magnam
285 1495 322 1531 se
343 1497 402 1542 [ab
424 1499 489 1542 eo]
491 1497 680 1576 (initurum
683 1498 846 1578 {fatiam
868 1499 1024 1538 videbat.

547 1554 572 1577 A
599 1553 633 1577 P.
723 1568 732 1577 .

109 1583 244 1653 Haee
265 1596 371 1629 quum
390 1586 604 1631 moliretur,
635 1596 850 1632 peteretque
870 1599 888 1623 a
906 1587 1099 1624 Pharnaba-

195 1640 242 1664 zo
276 1641 317 1665 ut
345 1631 389 1664 ad
408 1641 528 1676 regem
550 1632 772 1676 mitteretur,
805 1632 935 1667 eodem
956 1642 1098 1676 tempo-

109 1684 148 1709 re
170 1672 300 1708 Critias
319 1675 504 1717 ceterique
526 1676 663 1720 tyranni
681 1675 954 1710 Atheniensium
975 1688 1097 1712 certos

107 1718 273 1753 homines
302 1718 346 1752 ad
375 1718 593 1763 Lysandrum
614 1719 650 1754 in
671 1719 787 1754 Asiam
813 1720 1007 1765 miserunt,
1035 1721 1096 1764 qui

107 1773 191 1797 eum
211 1761 404 1797 certiorem
424 1763 611 1808 facerent,
646 1769 704 1807 nisi
723 1769 927 1800 Alcibiadem
949 1770 1096 1810 stillulis:

100 1812 174 1852 stt,
199 1811 283 1842 nihil
301 1821 412 1842 earum
431 1822 541 1842 rernm
554 1814 626 1850 fhre
644 1821 753 1843 ratum
773 1834 785 1854 ‚
811 1824 894 1854 quas·
912 1815 975 1855 ipse
994 1815 1097 1846 Athe-

107 1857 158 1886 nis
176 1853 392 1895 conlhtmffioe.
426 1858 537 1897 ‘Quare
557 1856 586 1895 fi
597 1857 677 1894 silas
696 1868 746 1888 res
763 1856 867 1899 gestas
885 1868 1012 1889 manere
1029 1860 1096 1888 vcl-

107 1899 173 1941 let,
201 1901 294 1929 illum
304 1901 563 1942 persiqueretnr.
600 1896 637 1930 ΙΙ
641 1898 669 1932 is
689 1896 787 1932 Laco
809 1899 913 1932 rebus
932 1908 1094 1933 commo-

107 1948 166 1974 tus
186 1938 550 1989 statiiit,xac<:t11atiiis
571 1940 636 1975 fibi
656 1941 831 1987 agendum
851 1953 930 1976 cum
942 1941 1092 1978 Pharna-

107 1982 214 2018 bazo.
267 1982 371 2018 Huic
387 1995 474 2029 ergo
495 1985 697 2030 renuntiat,
725 1996 802 2029 quae
831 1986 907 2030 regi
926 1997 1005 2024 cum
1026 1985 1093 2022 La«

109 2026 341 2078 cedaemoniis
368 2028 611 2073 ess'ent,irrita
629 2029 771 2075 futura,
785 2029 845 2065 nisi
866 2028 1093 2065 Alcibiadem

108 2079 229 2111 vivum
260 2080 322 2110 aut
349 2082 532 2112 mortuum
559 2072 768 2113 tradidisset.
800 2072 891 2115 Non
912 2074 1091 2156 tulitshoc

1007 2127 1094 2158 atra-
