1170 2248
70 95 93 101 .,
130 71 185 114 54>
375 63 636 102 Coanamx
666 61 894 101 Naro-ns

137 114 212 151 filii
229 120 348 149 morte
378 112 486 147 animi
514 110 790 146 debilitarentur
815 110 983 145 militum.
1035 107 1123 158 Quo

138 157 402 201 contenderat,
428 155 622 204 pervenit,
647 154 777 197 hisque
802 154 896 199 locis
922 151 1030 188 castra
1054 165 1122 196 po·
1169 156 1170 189 1

100 235 103 242 ,
140 203 197 238 nit
209 210 272 244 ,ut
291 211 409 243 neque
428 199 574 234 circuiri
591 197 824 234 multitudine
842 197 1122 233 adversariorum

137 246 281 291 poss'ct,
307 255 427 288 neque
447 242 636 287 impediri,
663 253 735 286 quo
753 242 870 277 minus
889 242 932 277 ad
950 242 1123 277 dimican-

136 291 224 326 dum
243 286 393 325 ‘manum
417 288 565 323 haberet
591 285 810 330 expeditam.
860 286 947 321 Erat
974 297 1055 320 cum
1076 296 1124 321 eo

137 334 452 370 Mithrobarzanes
472 331 578 368 socer
601 331 701 376 ejus,
727 330 917 374 prm-fenus
946 330 1122 373 equitum.

135 379 174 415 Is
193 377 387 422 desperatis
399 376 525 422 generi
543 375 649 410 rebus
668 374 711 410 ad
729 373 848 410 hostes
859 374 1059 419 transfugit.
1081 371 1126 408 Id

139 422 311 459 Datames
329 431 370 456 ut
388 419 547 464 audivit,
567 418 697 463 sensit,
709 417 734 454 fi
755 419 792 454 iu
812 419 946 454 turbam
965 418 1121 461 exiisset,

135 468 180 503 ab
204 466 356 503 homine
384 474 451 500 tam
471 464 665 500 necessario
685 463 721 498 se
741 463 904 498 relietum
961 461 1125 497 futurum

136 521 182 546 ut
201 511 315 546 ceteri
331 507 523 545 confilium
540 508 790 551 sequerentur.
817 507 854 542 in
873 488 1001 551 vuigus
1020 505 1121 541 edit:

136 555 206 592 suo
223 555 314 600 jussu
330 553 661 589 Mithrobarzanem
688 552 893 595 profectum
911 561 979 594 pro
1000 550 1124 594 pei-Fu-

136 610 204 646 ga,
217 610 290 643 quo
306 598 451 634 facilius
467 606 635 641 receptus
653 596 877 631 interficeret
885 593 1020 630 hostes.
1041 605 1125 637 qua-

136 655 179 681 re
197 643 355 686 relinqui
373 653 453 677 eum
473 653 549 676 non
570 652 633 684 par
650 641 743 684 effe,
769 639 832 676 sed
851 650 978 675 omnes
996 638 1125 674 confe-

139 687 223 723 stim
243 687 357 730 sequi.
384 685 484 729 quod
503 684 527 719 si
547 685 669 720 animo
688 683 834 720 strenuo
852 683 1040 728 fecissent,
1066 683 1124 717 fu-

137 742 261 768 turum
288 739 330 766 ut
346 729 535 766 adversarii
554 740 629 764 non
642 729 785 773 poss'ent
794 727 953 763 resistere
965 753 977 772 ,
1013 737 1123 770 quum

138 774 180 813 &
199 777 293 812 intra
309 775 441 809 vallum
460 771 497 809 δε
514 773 607 809 foris
626 773 862 808 caederentur.
885 771 965 807 Hac
984 782 1022 806 re
1042 782 1128 815 pro-

139 822 245 865 bata,
271 819 472 855 exercitum
492 817 636 862 educit,
655 817 986 852 Mithrobarzanem
1006 815 1127 859 perse-

142 866 280 908 quitur.
307 862 368 906 qui
395 871 532 898 tantum
561 860 662 904 quod
687 860 731 896 ad
749 859 869 895 hostes
889 868 1125 904 pervenerat,

142 909 312 946 Datames
332 905 428 952 figna
445 905 571 941 inferri
581 906 695 949 jubet.
714 904 838 940 Pifidae
857 915 951 940 nova
969 914 1006 939 re
1026 914 1125 938 com-

142 954 256 998 moti,
284 953 319 986 in
340 951 556 994 opinionem
574 949 822 993 adducuntur,
847 948 1014 992 perfugas
1039 948 1127 982 mala

143 997 217 1033 fide
236 994 513 1040 compositoque
530 993 677 1039 fecisse,
697 1003 736 1028 ut
753 993 915 1037 recepti,
927 992 1039 1027 ess'ent
1057 1002 1127 1026 ma-

141 1042 217 1087 jori
243 1040 449 1076 calamitati.
499 1037 653 1073 Primum
688 1048 754 1073 eos
788 1036 1016 1073 adoriuntur.
1067 1035 1129 1070 Illi

145 1097 278 1130 quum,
306 1084 392 1128 quid
411 1092 596 1130 ageretur,
622 1090 682 1117 aut
708 1092 813 1125 quare
831 1081 958 1126 fieret,
985 1081 1129 1126 ignora-

144 1139 250 1175 rent,
262 1129 378 1165 coaeti
396 1128 479 1163 sunt
495 1137 574 1162 cum
593 1127 645 1162 eis
655 1137 815 1172 pugnare
826 1152 837 1170 ,
850 1125 892 1160 ad
912 1137 1002 1169 quos
1015 1135 1128 1159 trans-

144 1175 282 1218 ierant,
307 1174 348 1208 ab
377 1173 504 1215 hisque
532 1170 641 1216 stare,
676 1181 767 1214 quos
794 1171 1023 1213 reliquerant.
1050 1168 1128 1212 qui-

144 1220 211 1254 bus
232 1229 337 1261 quum
359 1216 478 1252 neutri
497 1224 709 1258 parcerent,
736 1214 906 1250 celeriter
930 1213 1011 1248 sunt
1037 1223 1128 1248 con-

145 1261 223 1298 cifi.
273 1262 457 1304 Reliquos
475 1259 607 1295 Pifidas
625 1258 827 1294 rcfistentes
847 1257 1013 1293 Datames
1032 1258 1130 1292 inva-

146 1307 220 1342 dit:
242 1307 359 1349 primo
380 1307 517 1347 impetu
536 1303 860 1348 pellit,fugientes
878 1301 1128 1345 persequitur,

145 1351 282 1386 multos
300 1346 614 1392 interficit,castra
632 1346 785 1382 hostium
805 1347 913 1390 capit.
939 1345 1020 1380 Tali
1040 1356 1131 1379 con-

145 1394 230 1431 filio
249 1405 324 1429 uno
342 1403 507 1435 tempore
527 1390 563 1428 ὃς
582 1391 791 1435 proditores
802 1390 980 1434 perculit,
1007 1386 1044 1424 &
1063 1389 1130 1424 ho-

145 1438 215 1474 stes
235 1438 462 1481 profligavit:
482 1435 518 1471 δε
539 1435 637 1479 quod
654 1435 697 1470 ad
715 1435 915 1479 perniciem
933 1433 1049 1468 suerat
1067 1443 1131 1467 co·

146 1484 319 1528 gitatum,
346 1481 383 1516 id
400 1481 445 1516 ad
471 1480 618 1515 salutem
644 1479 844 1515 convertit.
896 1477 982 1526 Quo
1010 1487 1129 1519 neque

147 1527 289 1562 acutius
308 1526 416 1562 ullius
435 1525 660 1568 imperatoris
680 1524 902 1570 cogitatum,
929 1532 1050 1567 neque
1070 1531 1130 1556 ce-

145 1572 258 1610 lerius
282 1571 414 1606 factum
432 1569 575 1614 usquam
592 1569 758 1614 legimus.

507 1612 538 1647 C
562 1624 586 1647 A
612 1624 646 1648 P.
695 1612 778 1648 VII.

147 1661 243 1730 Ab
260 1660 332 1695 hoc
352 1667 470 1694 tamen
489 1657 568 1692 viro
587 1656 734 1692 Scismas
758 1656 912 1692 maximo
933 1664 1016 1691 natu
1033 1651 1131 1690 filins

231 1703 381 1747 desciit,
416 1702 459 1737 ad
486 1711 680 1746 regemque
707 1700 865 1744 transiit,
892 1698 928 1735 δε
957 1700 1002 1734 de
1029 1699 1131 1734 desc-

148 1749 274 1784 «stione
308 1747 418 1790 patris
455 1744 600 1780 detulit.
645 1756 716 1788 quo
752 1745 881 1779 nuntio
907 1743 1130 1778 Artaxerxes

149 1801 375 1835 commotus,
396 1789 501 1835 ,quod
518 1789 749 1835 intelligebat
766 1788 830 1824 fibi
849 1799 927 1823 cum
946 1788 1026 1823 viro
1043 1786 1134 1823 forti

147 1848 190 1873 ac
208 1835 354 1871 strenuo
375 1834 560 1879 negotium
582 1833 673 1878 esse,
700 1833 783 1878 qui,
797 1844 902 1876 quum
922 1831 1131 1878 cogitasset,

146 1882 268 1917 facere
287 1878 457 1921 auderet,
485 1876 521 1912 δε
543 1878 641 1920 prius
662 1879 843 1921 cogitare,
863 1888 964 1920 quam
982 1876 1130 1920 conari,

151 1922 693 1967 consuesset,Autophradateni
714 1923 748 1956 in
770 1921 1033 1966 Cappadociam
1051 1920 1130 1954 mit-

149 1970 210 2006 tit.
262 1967 336 2002 Hic
354 1980 399 2002 nc
420 1967 549 2001 intrare
569 1968 685 2010 posset
704 1968 850 2009 mltum,
878 1966 917 2000 iff
941 1975 1012 2008 quo
1041 1963 1132 1998 Cili-

150 2013 216 2063 cia}
236 2022 350 2055 portae
367 2011 448 2046 sunt
465 2011 558 2056 fitae,
587 2010 752 2046 Datames
780 2019 1033 2053 >in-reoccupare
1059 2006 1131 2042 stu-

152 2056 247 2095 duit.
280 2055 350 2095 Sed
368 2066 439 2096 tam
454 2055 574 2096 subito
593 2057 717 2104 copia.
738 2055 948 2095 contrahere
966 2064 1040 2093 non
1061 2063 1131 2102 ΡΦ-

1051 2105 1134 2134 tulto
