1170 2248
144 47 216 98 ⁸118
411 50 672 98 Co'nmztu
695 59 928 100 Naro-ms
1169 101 1170 106 ,

149 117 274 149 parum
294 105 497 141 liberaliter
516 107 662 143 domum
680 107 771 143 suam
783 110 942 145 omnium
963 106 1132 146 ordinuni

150 150 320 185 homines
348 151 540 197 invitaret,
566 151 695 187 scimus
728 164 802 189 non
826 155 1000 199 amplius,
1027 166 1129 198 quam

150 203 252 230 torna
271 195 382 230 millia
400 196 501 240 aeris,
527 207 692 239 perteque
711 198 749 232 in
779 197 938 243 fingulos
965 199 1130 245 menses,

152 250 199 288 ex
221 239 454 283 ephemeride
475 251 553 275 eum
575 241 771 285 expensum
789 242 920 277 sumtui
948 243 1044 278 serre
1074 244 1130 278 so-

145 283 268 318 litum.
317 283 440 328 Atque
460 285 531 319 hoc
549 296 623 320 non
644 286 827 331 auditum,
853 286 914 322 scd
942 297 986 323 co
1016 288 1131 322 nitum

147 328 394 370 praedicamus.
442 329 542 373 Saepe
575 331 696 375 enim,
731 340 884 375 propter
912 331 996 367 fami
1014 332 1132 367 iarita—

148 382 245 419 tem,
273 372 480 409 domesticis
501 374 605 409 rebus
631 376 874 411 interfuimus.

491 418 521 452 C
547 430 571 454 A
598 430 631 454 P.
681 419 783 455 XIV.

145 462 308 532 Nemo
328 463 364 498 in
385 463 559 499 convivio
578 466 656 507 ejus
683 464 780 499 aliud
806 475 966 500 acroama
992 464 1131 501 audivit

237 519 337 551 quam
358 506 598 552 anagnosten:
626 508 725 551 quod
743 520 811 545 nos
831 510 975 553 quidem
1001 511 1132 555 jucun-

143 551 316 588 dissimum
336 553 555 588 arbitramur.
597 552 730 597 Neque
749 565 901 597 unquam
921 553 993 590 fine
1012 555 1131 598 aliqua

143 597 308 633 leuione
329 597 424 641 apud
443 608 522 631 eum
543 608 719 633 coenatnm
740 597 811 633 est:
838 608 878 633 ut
907 611 981 634 non
1009 600 1127 634 minus

143 642 287 687 aninlo,
320 652 421 684 quam
455 651 581 677 ventre
601 669 613 687 ‚
649 643 816 677 convivae
849 643 1127 679 delcfiarcntur.

141 685 311 730 Namque
333 698 397 721 cos
417 687 591 731 vocabat,
613 698 764 730 quorum
785 699 902 723 mores
922 700 939 722 a
958 688 1028 723 suis
1050 699 1125 723 non

144 730 392 766 abhorrerent.
452 730 571 778 Quum
607 741 703 766 tanta
731 732 896 776 pecuniae
924 733 1012 767 fac'ta
1039 732 1126 767 efl'ct

142 776 316 820 acceOEo,
343 775 437 810 nihil
454 777 498 810 de
521 776 735 818 quotidiano
757 778 857 811 cultu
877 776 1046 821 mutavit,
1069 778 1123 811 ni-

139 820 194 854 hil
216 819 262 855 dc
283 820 365 854 vitae
383 819 650 855 consuetudine
664 832 672 853 :
686 830 853 864 tantaque
874 822 955 856 usus
975 821 1024 856 cst
1045 833 1122 857 mo-

143 863 353 909 ‹lm-atione,
380 873 420 898 ut
440 875 556 907 neque
577 865 611 898 in
632 863 797 900 sestertio
817 866 954 910 vicies,
984 866 1082 907 quod
1102 877 1121 901 a

140 918 241 951 patre
269 919 482 953 acceperat,
510 919 631 952 parum
660 909 694 943 se
722 909 915 952 splendide
943 910 1119 955 gess'erit:

139 964 263 997 neque
291 954 328 987 in
358 952 522 988 sestertio
550 952 690 988 centies
718 953 922 989 affluentius
950 954 1086 989 vixerit
1107 981 1120 1001 ,

139 1009 242 1039 quam
268 996 490 1043 instituerat,
518 998 666 1041 pai-ique
687 996 829 1044 fastigio
849 997 989 1033 steterit
1016 1000 1051 1034 in
1080 1010 1122 1034 u-

135 1053 261 1085 traque
286 1042 443 1078 fortuna.
493 1042 632 1077 Nullos
660 1042 783 1077 habuit
809 1044 959 1088 hortos,
988 1045 1120 1079 nullam

137 1086 394 1132 suburbanam,
422 1096 482 1122 aut
507 1086 711 1121 maritimam
739 1087 950 1123 summosam
972 1088 1116 1134 villam,

135 1143 256 1174 neque
276 1132 312 1166 in
336 1131 462 1177 Italia,
489 1141 620 1175 praeter
638 1130 873 1167 Ardeatinum
896 1130 933 1167 ὃς
951 1130 1118 1168 Nomen-

134 1185 253 1211 tanum
267 1202 278 1220 7
305 1174 471 1211 rusticum
490 1176 682 1219 praedium:
703 1177 890 1219 omnisque
911 1177 987 1220 ejus
1007 1188 1120 1220 pecu-

132 1221 201 1255 niae
231 1220 368 1256 reditus
396 1220 579 1257 constabat
609 1220 644 1255 in
676 1221 876 1265 Epiroticis
906 1219 942 1256 ἃ
973 1222 1117 1258 urbanis

132 1265 420 1308 poss'cfflonibus.
470 1266 528 1300 Ex
556 1276 628 1307 quo
657 1266 836 1309 cognosci
863 1263 1005 1310 potest,
1033 1277 1116 1301 cum

129 1308 229 1343 usum
251 1310 415 1353 pecuniae
434 1321 509 1345 non
530 1310 797 1355 magnitudine,
811 1309 873 1346 scd
891 1311 1031 1353 ratione
1041 1322 1116 1346 me-

125 1354 187 1389 tiri
212 1353 373 1389 solitum.

487 1396 518 1433 C
544 1411 568 1434 A
594 1409 627 1433 P.
678 1397 770 1433 XV.

129 1442 417 1512 Mendacium
437 1454 556 1486 neque
575 1443 742 1488 dicebat,
769 1454 884 1486 neque
913 1443 986 1487 pati
1007 1453 1115 1487 potc-

229 1499 292 1523 rat.
320 1488 444 1531 Itaque
464 1489 540 1531 ejus
561 1488 710 1522 comitas
731 1498 804 1522 non
825 1487 898 1523 fine
918 1488 1113 1525 severitate

127 1543 224 1579 erat,
251 1544 370 1575 neque
391 1532 512 1577 gravit«
567 1530 641 1567 fine
674 1532 872 1567 facilitate:
897 1542 937 1567 ut
965 1533 1113 1569 difficile

130 1578 218 1613 cst'et
242 1578 457 1620 intelleeit1,
483 1587 538 1611 ut1
555 1588 602 1611 nn
630 1588 709 1611 eum
737 1578 842 1611 amici
870 1577 979 1622 magis
1009 1589 1112 1612 vere-

131 1632 277 1667 rentur,
303 1633 345 1656 an
375 1631 542 1656 amarent.
580 1620 770 1669 Quidquid
789 1622 1002 1666 rogabatur,
1028 1622 1112 1657 reli-

127 1668 229 1713 giose
258 1665 512 1709 promittebat:
539 1666 638 1708 quod
667 1677 741 1701 non
771 1666 927 1700 liberalis
978 1666 1039 1701 sed
1059 1667 1138 1708 les

128 1712 184 1745 vis
233 1710 487 1753 arbitrabatur,
509 1709 704 1760 polliceri,
730 1709 830 1752 quod
848 1691 1011 1752 praeffare
1031 1722 1107 1746 non

127 1737 261 1799 poii'et.
310 1753 410 1789 Idem
430 1754 466 1788 in
488 1753 642 1789 nitendo
663 1753 761 1796 quod
778 1753 886 1788 semel
906 1754 1107 1799 annuiss'et,

130 1810 227 1835 tanta
246 1808 320 1834 crat
338 1807 493 1844 cura‚ut
513 1809 585 1833 non
604 1797 896 1843 mandatam,sed
917 1797 1009 1833 suam
1031 1810 1107 1834 rem

127 1846 312 1879 videretur
328 1853 356 1886 a⁸
372 1854 446 1878 ere.
467 1840 663 1885 Nunquam
683 1842 839 1886 suscepti
859 1843 1004 1887 negotii
1025 1854 1106 1878 eum

124 1888 312 1933 pertaesum
331 1898 350 1922 e
385 1913 394 1922 .
443 1888 542 1922 Suam
563 1888 658 1922 enim
678 1886 980 1922 existimationem
1009 1887 1045 1922 in
1065 1899 1108 1923 ca

124 1946 164 1969 re
184 1933 241 1979 agi
264 1933 429 1977 putabat:
456 1943 525 1975 qua
550 1931 639 1966 nihil
665 1932 816 1968 habebat
842 1932 968 1967 carlus.
1018 1931 1105 1980 Quo

127 1978 257 2021 fiebat,
283 1987 324 2012 ut
349 1977 470 2012 omnia
497 1975 742 2021 Ciceronum,
769 1975 942 2021 Catonis,
969 1975 1102 2021 Marii,

127 2024 179 2072 Q.
201 2020 411 2063 Hortensii,
437 2020 526 2056 Auli
544 2020 742 2065 Torquati,
764 2022 956 2055 multorum
976 2030 1104 2064 praete-

123 2079 184 2104 tta
203 2067 365 2112 equitum
382 2065 494 2102 Rom.
522 2066 670 2111 negotia
686 2074 909 2110 procuraret.
951 2064 1008 2101 Ex
1027 2075 1102 2114 quo

1050 2119 1108 2153 1¹¹·
