1170 2248
101 55 149 92 ⁸8
339 55 601 94 Connnmr
624 57 858 97 Ns-:roms

102 100 247 146 poss'et,
257 100 373 137 flet-‘lit
391 103 463 137 iter
479 102 577 138 suum
590 129 602 149 ‚
624 101 661 139 δι
681 105 785 140 illum
804 105 998 142 anfractum
1009 106 1093 144 lon-

104 145 247 190 giorem
273 146 433 189 copiosae
459 147 526 181 viae
555 148 654 191 capit
663 173 675 192 ,
701 149 825 193 ibique
855 149 952 186 diem
978 162 1092 187 unum

105 190 321 235 opperitur,
343 190 385 225 ad
402 191 640 227 laffitudincin
659 192 847 229 sedandam
858 195 1014 230 militum
1026 222 1038 240 ,
1051 206 1091 231 ac

102 233 302 270 reficienda
319 235 479 279 jumenta
488 262 501 283 ,
528 248 601 280 quo
623 237 825 285 integriore
845 240 1009 276 exercitu
1027 239 1091 276 de-

104 287 286 314 ‘erneret-

476 324 508 360 C
533 337 557 362 A
583 336 618 362 P.
667 325 716 362 X.

103 367 223 436 Hic
245 368 424 405 Eumenes
445 370 614 406 callidum
633 372 886 415 imperatorem
905 372 994 409 vicit
1004 384 1094 410 con-

190 411 286 458 filio,
311 414 608 458 celeritatemque
634 416 816 474 inpedivit
849 418 947 461 ejus:
974 430 1092 462 neque

101 466 222 493 tamen
250 459 400 493 multum
428 459 604 503 profecit.
653 460 747 495 Bam
775 461 911 497 invidia
938 462 1093 508 ducum,

105 513 188 536 curn
208 502 336 545 quibus
357 504 685 548 crat,perf1diaque
705 505 898 551 (militum)
917 506 1095 543 Macedo-

104 558 191 582 num
209 556 483 593 vetemnorum,
510 560 616 591 quum
634 549 800 593 superior
814 551 941 593 praelio
961 550 1094 586 disces-

101 590 221 636 sisset,
246 590 442 637 Antigono
463 591 514 627 est
531 593 700 638 deditus,
722 605 827 637 quum
850 598 1031 631 exercitus
1051 596 1090 631 ei

101 644 163 670 ter
181 645 262 670 ante
283 636 451 679 separatis
472 638 869 685 temporibusjuraffet,
882 639 917 674 se
936 651 1016 675 eum
1029 639 1093 675 de-

103 680 311 724 fensurum,
337 692 404 715 nec
429 693 583 724 unquam
611 681 848 717 deserturum.
898 683 969 718 Sed
997 693 1095 719 tanta

102 724 179 759 fuit
199 725 462 760 nonnullorum
480 726 622 761 virtutis
649 727 890 768 obtreetatio,
917 736 958 762 ut
982 727 1094 764 fidem

102 768 270 804 amittere
289 769 460 814 mallent,
488 782 591 813 quam
611 781 692 805 cum
711 783 787 807 non
808 771 979 814 prodere.
1023 771 1092 808 At-

102 824 177 857 que
196 814 291 848 hunc
309 812 542 864 Antigonus,
569 826 676 857 quum
703 816 738 849 ei
766 815 887 850 fuiss'et
914 814 1093 852 infestiss'-

102 868 184 893 :mus
196 883 207 901 ‚
219 857 476 902 conservasset,
487 857 513 892 fi
524 869 592 901 per
611 859 693 893 suos
713 860 801 894 effet
811 860 949 894 licitum
961 886 973 905 ,
993 859 1094 904 quod

101 903 151 936 ab
171 902 275 937 nullo
292 901 329 936 se
351 902 431 945 plus
442 901 598 946 adjuvari
617 904 717 945 poffe
735 903 965 948 intelligebat
982 904 1019 940 in
1037 905 1094 941 his

103 947 239 990 rebus,
265 956 349 988 quas
369 946 581 989 impendere
598 947 667 991 jam
693 948 884 991 apparebat
912 949 1093 985 omnibus.

103 990 336 1026 :inminebant
355 992 449 1025 enim
467 992 665 1036 Seleucus,
690 990 941 1037 Lyfimachus,
968 992 1095 1029 Ptole-

103 1046 242 1078 maeus,
269 1035 399 1078 opibus
417 1036 485 1079 jam
512 1036 696 1071 valentes:
724 1047 802 1071 cum
829 1037 957 1079 quibus
985 1038 1020 1072 ei
1046 1037 1093 1073 de

103 1078 252 1114 summis
272 1080 378 1114 rebus
391 1089 465 1115 erat
477 1080 730 1115 dimicandum.
741 1080 812 1116 Sed
830 1092 905 1116 non
917 1081 997 1125 paffi
1012 1082 1094 1116 sunt

103 1124 171 1168 hi,
194 1123 255 1166 qui
274 1122 369 1158 circa
387 1134 505 1159 erant:
529 1123 628 1167 quod
646 1124 838 1170 videbant,
852 1125 1016 1160 Eumene
1036 1137 1092 1160 re-

103 1177 243 1211 cepto,
273 1179 399 1203 omnes
417 1180 490 1212 prae
512 1169 580 1204 illo
601 1170 699 1212 parvi
716 1169 874 1205 futuros.
923 1170 1004 1213 Ipse
1031 1181 1092 1204 au-

103 1222 181 1247 tem
199 1211 408 1258 Antigonus
427 1213 521 1248 adeo
540 1223 616 1248 erat
633 1213 825 1258 incensus,
846 1223 901 1259 ut,
915 1213 979 1249 nisi
997 1225 1094 1261 mag-

100 1268 153 1293 ma
171 1256 234 1300 spe
254 1257 617 1335 maximm‘umcrerum
629 1283 642 1302 ,
657 1259 778 1337 {fiairi
795 1270 871 1294 non
889 1258 1022 1303 posset.

523 1314 547 1336 A
574 1312 607 1336 P.
724 1328 735 1337 .

106 1345 247 1415 Itaque
269 1356 378 1389 quum
398 1357 479 1381 eum
501 1346 537 1380 in
558 1344 755 1381 custodiam
767 1345 919 1383 dedisset
956 1344 1094 1391 &prae-

141 1391 257 1426 fectus
278 1389 465 1426 custodum
486 1389 678 1436 quaefiffet,
701 1373 999 1434 quemadmodum
1020 1392 1092 1427 ser·

107 1435 185 1470 vari
204 1434 346 1469 vellet?
370 1445 411 1469 ut
427 1435 661 1476 acerrimum,
687 1436 824 1480 inquit,
852 1437 1096 1480 1eonem,aut

103 1478 361 1515 {erociffimum
380 1480 624 1522 elephantum.
649 1477 827 1516 Nondum
849 1480 945 1516 enim
963 1478 1095 1516 statue-

107 1533 189 1568 rat,
216 1523 371 1559 servaret
393 1534 472 1558 eum
487 1550 498 1569 ‚
526 1535 594 1559 nec
613 1535 672 1560 ne.
713 1524 894 1559 Veniebat
912 1533 1028 1560 autem
1049 1523 1095 1560 ad

105 1568 309 1604 Eumenem
321 1578 510 1611 utrumque
521 1580 633 1614 genus
643 1569 828 1605 hominum
840 1582 848 1604 ε
861 1566 898 1604 &
910 1569 971 1613 qui
981 1580 1095 1613 prop·

105 1621 169 1647 ter
185 1612 311 1647 odium
320 1613 473 1647 fmc'tum
485 1613 602 1648 oculis
623 1624 670 1647 ex
689 1614 768 1656 ejus
779 1612 859 1648 casu
879 1624 1007 1657 capere
1019 1614 1095 1649 vel-

104 1656 211 1692 lent:
247 1653 283 1691 &
304 1657 365 1699 qui
384 1666 537 1700 propter
560 1666 720 1691 veterem
751 1657 941 1692 amicitiam
975 1658 1096 1693 collo·
1136 1672 1140 1677 ’

108 1701 196 1745 qui,
209 1699 462 1743 consolanque
481 1710 678 1744 cuperent:
701 1701 806 1735 multi
826 1702 928 1737 etiam
942 1727 954 1747 ‚
975 1702 1037 1744 qui
1058 1713 1096 1737 e-

107 1745 166 1790 jus
185 1745 333 1779 formam
352 1744 577 1789 cognoscere
603 1743 813 1789 studebant,
839 1747 954 1789 qualis
984 1746 1094 1790 esset,

109 1800 220 1832 quem
249 1788 407 1833 tamdiu,
434 1798 574 1832 tamque
599 1789 704 1824 valde
739 1789 955 1841 timuissent,
990 1791 1095 1834 cujus

109 1835 151 1869 in
185 1833 348 1876 pernicie
381 1832 530 1876 pofitam
562 1833 660 1877 spem
691 1834 890 1869 habuissent
919 1835 1096 1870 vffioriae.

110 1878 167 1913 At
186 1878 388 1923 EumeneS,
402 1888 511 1921 quum
528 1877 664 1912 diutius
683 1878 719 1913 in
739 1878 896 1914 vinculis
917 1879 1026 1924 esset,
1046 1879 1096 1913 ait

112 1923 373 1966 Onomarcho,
386 1933 498 1965 penes
517 1933 621 1964 quem
641 1922 927 1967 summaimperii
948 1932 1022 1958 erat
1031 1933 1094 1957 cu-

113 1966 265 2011 stodiae,
279 1966 315 2000 se
331 1966 470 2010 mirari,
484 1977 590 2009 quare
607 1967 675 2010 jam
694 1967 839 2002 tertium
858 1967 952 2003 diem
971 1966 1019 2002 fic
1039 1975 1094 2001 te-

113 2019 275 2047 neretur.
301 2009 391 2045 Non
408 2011 583 2045 enimhoc
602 2011 800 2047 convenire
819 2010 1094 2056 Antigonipru-

114 2055 272 2104 dentiae,
297 2064 337 2094 ut
355 2054 402 2094 fic
419 2054 632 2095 deuteretur
648 2055 760 2102 vieto,
785 2056 872 2103 quin
898 2063 958 2093 aut
982 2054 1097 2137 intgg}
