1170 2248
167 65 286 102 XXV.
311 65 404 102 Trr.
430 65 659 107 Pomomus
682 67 878 110 Awncus.
973 86 1035 124 113

61 109 160 155 quod
199 122 321 156 parum
361 111 473 191 odissi}
504 116 758 194 malosXcives
790 119 987 159 videretur.

484 169 509 193 A
536 170 569 194 P.
658 186 667 196 .

54 198 144 267 Ille
162 209 279 236 autem
297 200 353 236 sui
365 201 516 247 judicii,
529 204 653 247 potius
671 206 758 249 quid
775 207 812 243 se
830 209 951 246 facere
969 224 1034 257 par

108 244 217 290 ess'et,
241 246 469 290 intuebatur,
504 253 606 290 quam
641 251 729 292 quid
760 253 823 287 alii
852 255 1032 294 laudaturi

51 288 193 323 forent.
245 289 428 325 Conversa
452 291 572 328 subito
597 293 742 331 fortuna
761 295 826 332 est.
875 299 927 335 Ut
952 300 1032 338 An-

54 333 178 368 tonius
205 334 317 368 rediit
337 335 372 369 in
392 335 550 382 Italiam,
578 349 686 374 nemo
707 352 781 376 non
799 353 928 388 magno
954 347 1029 394 [in]

52 378 220 420 periculo
241 377 402 414 Atticum
423 380 617 428 [futurum]
642 394 781 426 putarat
803 397 955 431 propter
973 391 1029 426 in-

51 422 172 460 timam
191 423 462 459 familiaritatem
483 424 676 462 Ciceronis
696 426 733 464 δε
754 430 868 466 Bruti.
902 433 1027 478 Itaque

51 465 95 500 ad
122 466 313 502 adventum
340 468 597 511 imperatorum
623 471 669 506 de
695 473 780 510 foro
807 475 1025 525 decesserat,

49 510 180 545 timens
206 511 524 555 proscriptionem.
550 516 754 560 latebatque
774 521 868 563 apud
888 521 926 558 P.
950 525 1026 559 Vo-

49 554 222 589 lumnium
234 581 246 598 ,
260 555 317 590 cui
329 581 340 600 ,
355 566 394 590 ut
413 556 633 596 ostendimus
651 564 776 604 paullo
796 575 877 600 ante
889 593 900 611 ‚
915 579 1025 611 opem

47 599 198 634 tulerat:
225 602 340 644 (tanta
358 601 506 637 varietas
531 604 574 638 iis
602 608 827 648 temporibus
854 611 924 646 fuit
950 612 1026 648 for-

50 651 168 687 tunae,
192 654 232 678 ut
251 644 362 679 modo
388 646 446 690 hi,
472 646 583 693 modo
602 648 657 682 illi
681 650 717 685 in
746 651 882 689 summo
909 655 1024 693 ess'cnt

45 697 106 721 aut
130 686 295 732 fastigio,
322 698 383 723 aut
410 691 625 735 periculoo
650 693 875 740 habebatque
901 699 1025 737 secum

46 730 95 779 Q.
131 731 293 766 Gellium
320 732 478 778 Canum,
505 737 696 782 aequalem,
730 738 1023 789 simillimumque

42 775 111 810 sui.
138 775 224 811 Hoc
243 788 388 820 quoque
407 777 449 812 sit
468 777 584 814 Attici
602 781 778 830 bonitatis
798 789 1019 836 exemplum,

43 819 143 862 quod
160 831 240 855 cum
259 832 304 856 eo
317 848 328 865 ‚
355 833 459 864 quem
478 835 629 867 puerum
649 827 686 861 in
716 828 804 864 ludo
832 842 1022 877 cognove-

42 872 118 908 rat,
145 864 237 900 adeo
255 866 448 909 conjuncte
466 869 581 913 vixit,
606 879 647 904 ut
662 871 706 906 ad
724 882 918 912 extremam
937 889 1020 914 aeta-

40 916 114 943 tem
138 909 295 944 amicitia
320 921 445 945 eorum
471 914 638 948 creverit.
688 915 873 955 Antonius
899 932 1019 960 autem

42 951 106 986 etsi
128 961 228 988 tanto
249 953 338 988 odio
356 955 537 992 ferebatur
556 958 591 992 in
612 957 851 1008 Ciceronem,
879 976 919 1000 ut
939 979 1015 1007 uon

38 995 156 1031 solum
185 997 242 1042 ei,
269 997 330 1032 sed
360 1001 525 1036 omnibus
553 1002 658 1038 etiam
686 1006 763 1048 ejus
790 1009 911 1045 amicis
930 1013 1019 1048 essct

37 1040 206 1076 inimicus
218 1067 229 1086 ,
243 1041 376 1085 eosque
397 1045 509 1080 vellet
526 1047 772 1089 proscribere:
794 1054 913 1089 multis
931 1056 1016 1092 hor-

36 1086 193 1119 tantibus
213 1096 330 1121 tamen
343 1113 353 1130 ,
375 1086 490 1123 Attici
508 1101 646 1127 memor
662 1094 732 1130 fuit
750 1095 882 1142 officii,
903 1096 939 1134 ἃ
964 1107 1014 1146 ei,

37 1139 147 1170 quum
169 1130 383 1176 requisisset,
412 1134 551 1169 ubinam
572 1135 680 1183 esset,
700 1138 760 1175 sua
780 1152 883 1177 manu
901 1144 1016 1190 scrip-

35 1172 100 1217 fic,
124 1185 169 1208 ne
189 1175 353 1220 timeret,
366 1175 550 1221 statimque
568 1180 613 1215 ad
630 1181 665 1217 se
683 1185 846 1220 veniret:
860 1187 894 1222 se
916 1200 1015 1236 eum,

36 1214 75 1252 &
95 1219 193 1253 lllius
213 1219 323 1255 caussa
342 1221 541 1269 [Gellium]
569 1224 704 1262 Canum
725 1229 770 1264 de
789 1232 1015 1277 proscripto-

33 1271 112 1296 rum
132 1274 281 1298 numero
311 1267 493 1301 exemisse,
545 1267 622 1314 Ac,
650 1282 695 1306 ne
723 1275 822 1315 quod
849 1277 923 1322 [in]
950 1290 1014 1321 pe-

32 1304 189 1341 ticulum
210 1307 410 1353 incideret,
438 1311 536 1353 quod
565 1317 674 1349 noetu
694 1315 824 1363 siebat,
850 1321 1011 1364 praefidi-

31 1358 89 1385 um
112 1351 145 1385 ei
164 1350 268 1387 misit.
316 1353 374 1388 Sic
392 1354 536 1392 Atticus
558 1357 595 1393 in
616 1358 750 1396 summo
777 1364 906 1400 timore
934 1379 1011 1404 non

28 1392 146 1430 solum
163 1394 250 1439 fibi,
271 1397 333 1432 sed
351 1399 454 1434 etiam
476 1401 532 1446 ei,
555 1414 658 1445 quem
679 1407 882 1444 carissimum
902 1411 1012 1448 habe-

28 1437 110 1484 bat,
146 1441 309 1482 praefidio
338 1442 420 1479 fuit.
469 1444 602 1490 Neque
628 1449 724 1484 euim
752 1451 819 1486 suae
846 1454 961 1491 solum
992 1470 1010 1493 a

30 1493 207 1526 quoquam
234 1486 404 1522 auxilium
432 1489 541 1532 petiit
575 1491 695 1528 salutie
715 1521 727 1538 ,
762 1497 823 1531 sed
851 1502 1006 1543 coujun-

27 1527 135 1572 ἂίτὴ,
161 1538 201 1563 ut
218 1541 406 1573 appareret
430 1534 562 1569 nullam
589 1536 782 1580 seJuufftam
808 1541 869 1577 sibi
891 1545 931 1579 ab
959 1557 1009 1581 eo

26 1572 125 1606 velle
151 1573 257 1652 [iesse]
281 1574 476 1612 fortunam.
503 1577 615 1626 Quod
634 1581 658 1616 fi
679 1585 901 1628 guberuator
917 1601 1007 1631 prce—

26 1614 134 1658 cipua
167 1616 256 1653 aude
275 1618 409 1665 fertur,
424 1622 484 1664 qui
505 1635 627 1660 navem
648 1637 692 1662 ex
712 1629 827 1665 hieme
847 1634 1005 1676 marique

24 1657 223 1703 scopuloso
242 1661 376 1699 servat:
401 1677 466 1700 cur
484 1679 558 1703 non
579 1668 764 1716 singularis
783 1676 860 1719 ejus
880 1678 1004 1714 existi-

23 1713 143 1739 metur
160 1706 375 1754 prudentia,
403 1711 462 1753 qui
495 1723 540 1748 ex
560 1722 639 1758 tot,
665 1726 805 1762 tamque
834 1724 1001 1765 gravibux

22 1750 198 1792 procellis
217 1751 411 1832 civilibusC
403 1755 447 1790 ad
466 1757 751 1838 incolggtfitatem
777 1769 947 1808 pervenit
959 1768 978 1802 ἵ)

436 1811 460 1834 A
486 1811 520 1836 P.
626 1829 636 1839 .

107 1837 211 1873 uibus
230 1850 276 1875 ex
302 1842 402 1878 malis
419 1853 459 1878 ut
483 1845 519 1880 se
548 1849 758 1895 emerserat,
786 1853 874 1888 nihil
902 1856 1003 1892 aliud

123 1883 219 1926 egit,
239 1895 341 1926 quam
360 1896 399 1921 ut
409 1888 572 1930 plurimis
583 1917 595 1935 .,
609 1894 737 1935 quibus
749 1897 854 1932 rebus
866 1901 1000 1947 posset,

19 1926 109 1960 esset
126 1927 278 1963 auxilio.
300 1928 419 1977 Quum
439 1933 664 1978 proscriptos
682 1941 999 1987 praemiisimpera-

16 1977 140 2010 torum
160 1973 286 2017 vulgus
306 1976 561 2023 conquireret,
581 1991 689 2017 nemo
711 1984 747 2018 in
767 1985 917 2029 Epirum
937 2001 999 2026 ve·

17 2013 93 2058 nit,
119 2016 178 2050 cui
197 2027 253 2051 res
271 2018 345 2054 ulla
371 2019 543 2057 defuerit.
576 2026 710 2062 nemini
738 2040 812 2065 non
840 2032 889 2066 ibi
917 2046 999 2076 per-

19 2063 135 2110 petuo
163 2062 332 2100 manendi
355 2063 516 2112 potestas
542 2067 635 2107 faeta
662 2071 726 2109 est.
788 2074 863 2126 Qui
892 2080 1010 2117 etiam.

426 2108 467 2148 H
489 2136 510 2148 ο
918 2129 1004 2168 post

213 2147 217 2161 Ι

1167 2033 1170 2041 .
1163 1863 1170 2018 ,-Α.-..ΑΑ.>
1165 1767 1170 1846 .-.-,
1167 1724 1170 1743 -
1167 1698 1170 1704 .
1168 1662 1170 1682 -.
1168 1637 1170 1645 -

1161 2167 1170 2248 —ae-
1164 2141 1170 2159 .,
1162 2059 1170 2135 --.,·.
