1170 2248
94 53 102 56 “
151 41 273 80 XXV.
297 42 391 79 Trr.
416 40 646 78 PoMromus
669 41 865 76 Avrtctxs.
958 38 1028 84 '119'

53 87 202 133 iudicari
220 97 390 133 poterat,
416 99 493 123 non
510 87 640 122 inertia
657 85 721 122 sed
737 86 879 131 judicio
896 83 1025 132 fugiss'e

50 133 209 178 reipubl.
237 132 547 190 procurationem.

379 175 410 210 C
434 188 460 211 A
485 187 519 211 P.
568 175 690 211 XVI.

48 219 343 291 Humanitatis
361 232 449 256 vero
469 221 608 255 nullum
628 220 770 256 adferre
788 221 897 264 majus
923 217 1026 256 testi:

155 267 317 301 monium
336 265 496 309 poss'um,
522 276 625 308 quam
644 265 743 307 quod
761 265 973 300 adolescens
997 265 1027 298 i-

49 309 132 346 dem
151 311 227 346 seni
246 311 351 345 Sulloe
369 309 479 344 fuerit
496 309 786 354 jucundissimus,
811 309 922 344 senex
940 308 1028 344 ado·

46 355 204 390 Iescenti
223 355 279 389 M.
300 354 436 389 Bruto:
462 365 542 388 cum
569 353 764 396 aequalibus
789 363 907 388 autem
932 353 1026 397 suis,

50 399 99 448 Q.
121 397 322 434 Hortensio
350 396 387 434 ἃ,
414 398 470 432 Μ.
490 397 698 441 Cicerone,
724 397 772 432 fic
799 398 960 443 vixerit,
985 406 1027 432 ut

46 443 199 487 judicari
218 442 363 478 difficile
381 441 446 486 fit,
471 442 529 476 cui
557 442 652 476 aetati
678 442 790 476 suerit
818 443 1024 486 aptiffnnus.

51 487 262 536 Quanquam
284 498 363 522 eum
383 487 562 530 praecipue
583 485 715 520 dilexit
734 486 868 522 Cicero
883 512 895 531 ,
921 496 961 521 ut
979 497 1026 520 ne

46 531 158 566 frater
174 531 318 575 quidem
337 531 370 566 ei
390 531 550 580 Quintus
578 531 696 565 carior
711 530 821 565 suerit
838 540 897 565 aut
923 529 1026 565 fami-

47 576 186 611 liarior.
221 576 266 610 Ei
287 576 340 610 rei
359 575 440 609 sunt
462 574 627 619 indicio,
654 585 784 618 praeter
802 586 867 610 cos
886 575 1023 619 libros,

50 620 87 654 in
109 621 236 662 quibus
258 619 302 654 de
322 631 368 654 eo
385 619 476 654 facit
493 619 740 662 mentionem,
761 619 823 660 qui
842 620 878 654 in
898 619 1026 664 vulgus

50 664 156 709 [jam]
182 664 264 698 sunt
289 663 404 707 editi,
430 661 613 697 sexdecim
637 663 825 697 volumina
852 661 1024 706 epistola-

44 719 145 752 rum,
158 709 199 742 ab
218 707 407 743 consulatu
428 707 504 749 ejus
524 706 634 749 usque
653 706 697 741 ad
716 716 915 742 extremum
934 718 1024 742 tem-

45 763 115 795 pus
134 752 177 786 ad
195 751 358 787 Atticum
387 751 582 785 missarum:
609 762 687 794 quae
715 751 776 793 qui
803 752 920 796 legat,
947 763 1024 786 non

42 796 197 831 multum
224 795 403 831 desideret
429 794 610 831 historiam
639 804 850 830 contextam
877 796 1025 830 illorum

44 848 262 884 temporum.
312 841 370 875 Sic
399 840 496 874 enim
523 839 644 874 omnia
671 839 716 874 de
746 838 870 874 studiis
889 841 1025 883 princi-

44 895 154 929 pum,
180 885 279 919 vitiis
299 884 427 918 ducum
441 910 452 927 ,
479 884 737 918 mutationibus
759 885 919 926 reipubl.
937 895 1020 928 per-

41 928 176 972 scripta
192 929 297 972 sunt,
317 939 357 963 ut
376 928 464 962 nihil
483 927 519 962 in
541 928 583 962 iis
605 939 680 962 non
700 938 892 972 appareat,
914 925 950 963 δε
970 929 1022 963 fa-

43 973 121 1006 cile
141 972 336 1007 existimari
354 972 461 1016 possit
474 997 485 1015 ,
505 971 731 1015 prudentiam
753 971 1023 1014 quodammodo

42 1015 114 1051 effe
134 1017 410 1051 divinationem.
435 1015 527 1051 Non
549 1017 644 1051 enim
665 1015 798 1050 Cicero
830 1027 870 1050 ea
888 1017 1018 1060 solum,

42 1071 121 1103 quae
149 1061 234 1095 vivo
262 1061 296 1095 se
322 1059 554 1104 acciderunt,
588 1060 705 1095 futura
731 1059 927 1102 praedixit:
961 1060 1024 1096 sed

40 1105 152 1140 etiam
172 1116 250 1149 quae
271 1116 366 1140 nunc
386 1104 450 1139 usu
469 1105 642 1148 veniunt,
669 1104 806 1140 cecinit
824 1114 864 1139 ut
883 1115 995 1140 vates.

363 1147 394 1183 C
419 1161 444 1184 A
470 1160 503 1184 P.
553 1148 588 1183 X
600 1149 700 1184 VII.

40 1192 146 1263 De
170 1195 306 1238 pietate
333 1203 451 1229 autem
476 1193 595 1228 Attici
622 1192 708 1236 quid
734 1193 837 1237 plura
865 1204 1022 1241 commc-

139 1239 303 1274 morem‘?
329 1250 434 1282 quum
452 1239 522 1273 hoc
547 1237 661 1281 ipsum
688 1250 774 1273 vere
801 1239 1021 1283 gloriantem

41 1283 216 1318 audierim
237 1284 273 1318 in
293 1284 420 1318 funere
441 1282 559 1317 matris
579 1282 672 1326 suae,
686 1293 787 1325 quam
810 1284 943 1318 extulit
960 1295 1022 1318 an-

41 1339 170 1362 norum
199 1327 417 1372 nonaginta,
445 1338 551 1369 quum
580 1327 667 1361 esset
694 1326 830 1370 septem
858 1324 896 1362 &
922 1328 1021 1363 sexa-

68 1373 162 1415 inta,
187 1371 223 1406 se
245 1382 421 1414 nunquam
441 1382 519 1405 cum
540 1380 651 1406 matre
673 1371 710 1405 in
737 1372 883 1422 gratiam
911 1371 1022 1407 redis-

56 1427 75 1450 e
96 1442 108 1460 ,
144 1427 322 1458 nunquam
350 1426 431 1450 cum
458 1415 582 1450 sorore
606 1415 710 1450 fuiss'e
739 1427 776 1450 1n
810 1414 989 1451 simultate
1007 1441 1020 1461 ,

38 1471 142 1502 quam
161 1471 278 1503 prope
297 1461 466 1503 aequalem
484 1460 647 1495 habebat.
668 1459 780 1508 Quod
800 1459 850 1494 est
867 1459 1018 1505 signum,

38 1514 99 1538 aut
125 1505 258 1539 nullam
287 1515 439 1547 unquam
466 1504 563 1538 inter
591 1515 656 1539 eos
682 1504 945 1546 querimoniam
964 1505 1019 1539 in-

38 1547 251 1593 terceffiss‘e,
278 1557 338 1582 aut
354 1549 449 1582 hunc
470 1559 510 1584 ea
528 1547 631 1582 fuiss'e
656 1548 692 1582 in
723 1547 806 1583 suos
826 1547 1020 1594 indulgen-

38 1592 110 1636 tia,
137 1602 177 1627 ut
196 1603 287 1634 quos
306 1603 418 1627 amare
436 1591 610 1636 deberet,
638 1591 739 1626 irasci
761 1593 811 1626 cis
831 1592 930 1627 nefas
950 1592 1016 1627 du-

38 1646 154 1671 ceret.
180 1635 312 1680 Neque
331 1636 368 1670 id
386 1635 477 1670 fecit
499 1645 622 1671 natura
641 1635 756 1671 solum
769 1661 781 1680 ,
805 1647 1018 1679 quamquam

39 1691 167 1715 omnes
188 1681 222 1715 ei
249 1691 435 1724 paremus-3
459 1679 522 1715 sed
549 1681 654 1715 etiarn
674 1679 853 1715 doc‘trina.
881 1692 957 1715 nam
979 1678 1017 1715 &

38 1725 249 1768 principum
277 1724 578 1767 philosophorum
614 1725 663 1759 ita
697 1734 869 1768 percepta
895 1725 1019 1760 habuit

37 1778 241 1812 praecepta,
267 1778 307 1803 ut
324 1769 368 1803 iis
387 1769 430 1803 ad
455 1768 561 1803 vitam
589 1769 783 1815 agendam,
810 1780 886 1805 non
912 1768 956 1804 ad
976 1780 1018 1806 0-

37 1810 290 1848 stentationem
303 1838 314 1857 ,
340 1822 514 1848 meretur.

339 1855 370 1890 C
394 1868 419 1891 A
446 1867 478 1891 1>-
528 1855 702 1892 XVIII.

36 1898 210 1968 Moris
230 1900 337 1934 etiam
357 1901 528 1943 maiorum
555 1899 707 1935 summus
736 1900 897 1937 imitator
921 1899 1014 1948 fuit,

135 1943 430 1986 antiquitatisque
448 1953 603 1979 amator:
630 1955 729 1987 quam
749 1945 841 1981 adeo
859 1946 1015 1992 diligen-

26 1997 95 2023 2te1·
110 1988 234 2023 habuit
253 1987 458 2033 cognitam,
485 1997 525 2022 ut
544 1998 618 2022 eam
638 1997 749 2024 totam
768 1990 804 2025 in
834 2001 882 2025 eo
908 1991 1016 2026 volu-

25 2033 134 2073 mine
155 2031 386 2081 exposuerit,
407 2043 480 2080 quo
499 2030 716 2115 mffistratus
735 2033 892 2073 ornavit.
917 2033 1015 2117 Nub-t

1100 0 1106 2 ,
1118 0 1170 59 ’,Ἣ

1159 65 1170 81 Ι
