1170 2248
286 24 465 65 XVIII.
515 29 702 71 Eunrn
729 46 861 76 uns.
1020 43 1067 86 87

83 69 316 110 versariorum
327 73 558 112 hibernacula
567 79 687 122 poffet
696 84 895 125 perveniri.
915 96 1065 129 quarum

83 114 230 150 brevior
247 127 316 159 per
341 118 424 153 loca
451 118 614 169 deserta,
637 136 714 168 quae
741 139 848 164 nemo
873 130 1060 167 incolebat

79 167 232 202 propter
248 171 345 203 aquae
367 162 548 212 inopiam,
575 178 735 205 ceterum
753 172 893 209 dierum
914 185 987 211 erat
1005 176 1064 212 fe-

77 212 118 238 re
137 203 275 239 decem.
310 205 377 241 Illa
393 217 533 256 autem,
558 224 624 255 qua
644 225 770 251 omnes
789 221 1058 264 commeabant,

76 246 195 283 altero
216 258 316 285 tanto
344 251 552 298 longiorem
581 257 732 295 habebat
755 261 968 300 anfrac'tum:
994 264 1060 302 sed

75 301 152 327 erat
169 294 340 340 copiosa,
368 299 598 343 omniumque
618 314 735 340 rerum
755 307 949 344 abundans.
975 308 1060 345 Hac

74 334 100 371 fi
120 337 432 387 proficisceretur,
459 343 688 392 intelligebat
712 352 811 393 prius
840 352 1059 405 adversarios

74 382 340 420 rescituros'de
370 385 434 421 suo
460 388 639 437 adventu,
677 405 779 436 quam
809 397 885 440 ipse
913 408 1057 434 tertiam

73 433 209 468 partem
238 430 454 467 confecisset
479 433 633 472 itineris.
682 439 743 476 Sin
778 452 846 484 per
871 442 955 479 loca
980 442 1057 479 sola

72 471 318 508 contenderet
337 500 349 519 ,
384 475 546 518 sperabat
570 479 606 515 se
633 481 889 526 inprudentem
914 486 1056 524 hostem

75 516 339 557 opprefl‘urmn.
387 519 449 555 Ad
467 522 556 558 hauc
575 535 648 560 rem
669 528 956 576 conficiendam,
987 533 1054 567 im-

71 559 213 601 peravit
231 563 520 607 quamplurimos
541 578 636 605 utres
655 580 761 615 atque
779 574 886 609 etiam
907 576 1054 627 culleos

69 606 287 647 comparari:
313 607 398 650 post
417 609 491 644 haec
510 613 699 655 pabulum:
725 627 900 660 praeterea
919 620 1051 656 cibaria

67 649 172 682 cot-‘ta
191 648 327 685 dierum
346 651 491 689 decem:
519 665 629 700 utque
651 671 752 702 quam
771 662 917 699 minime
945 663 1053 701 fieret

69 689 164 735 ignis
185 691 222 727 in
242 693 374 730 castris.
410 698 506 743 Iter,
529 702 626 743 quod
644 704 815 751 habebat,
842 719 968 743 onmes
988 721 1050 745 ce-

64 734 127 779 lat.
161 736 219 771 Sic
236 748 398 786 pamtus,
420 754 488 821 gua
507 744 765 828 c01ist}t}1{erat,
791 751 1048 795 proficiscitur.

476 799 501 823 A
526 800 560 825 P.
678 819 688 829 .

63 819 296 892 Dimidium
324 828 402 865 fere
429 831 579 875 spatium
608 838 840 887 confecerat,
869 852 976 885 quum
997 854 1046 882 ex

137 869 234 906 fumo
254 871 444 910 castrorum
456 878 534 920 ejus
545 878 706 924 suspicio
716 884 831 921 adlata
841 886 893 922 est
911 888 955 923 ad
967 889 1044 923 Eu-

61 923 201 949 menem
214 940 225 959 ‚
239 915 377 953 hostem
396 923 701 968 appropinquare.
714 928 954 967 Conveniunt
973 933 1044 968 du-

60 968 142 993 ces:
170 960 362 1006 quaeritur,
385 964 472 1006 quid
503 978 597 1011 opus
628 969 670 1005 fit
695 972 805 1009 fac'to.
856 975 1045 1022 Intellige-

59 1001 144 1036 bant
164 1014 289 1039 omnes
311 1015 377 1041 tam
398 1009 572 1047 celeriter
590 1015 884 1060 copiasipsoruni
899 1031 1044 1057 contra-
1066 1031 1069 1033 ·

58 1045 93 1080 hi
116 1058 189 1082 non
210 1048 336 1094 poss'e,
364 1062 465 1094 quain
484 1053 694 1102 Antigonus
723 1061 910 1099 adfuturus
939 1065 1044 1102 vide-

57 1089 171 1132 batur.
223 1092 295 1127 IIic
315 1097 480 1133 omnibus
509 1100 766 1149 titubantibus,
794 1105 831 1143 &
861 1108 906 1143 de
932 1111 1040 1147 rebus

57 1133 200 1177 suminis
222 1136 515 1188 desperantibus,
530 1144 711 1184 Eumenes
732 1151 800 1196 ait,
828 1151 853 1187 si
873 1154 1041 1191 celerita-

54 1186 128 1214 tem
147 1180 262 1216 velint
282 1182 471 1231 adhibere,
506 1185 543 1224 &
563 1190 740 1235 imperata
765 1196 908 1243 facere,
937 1199 1041 1241 quod

55 1232 134 1258 ante
157 1236 230 1260 non
259 1226 435 1275 fecerint,
462 1231 497 1267 se
518 1244 590 1269 rem
619 1238 889 1281 expediturum.
940 1243 1039 1282 Nam,

53 1268 154 1309 quod
175 1269 300 1306 diebus
327 1273 484 1318 quinque
510 1277 623 1315 hostis
651 1282 805 1320 transisse
832 1287 972 1333 posset,
997 1289 1040 1325 se

52 1312 258 1352 circa-urum
271 1341 282 1360 ,
295 1325 334 1351 ut
353 1329 428 1354 non
449 1322 565 1358 minus
583 1326 738 1363 totidem
759 1329 899 1366 dierum
918 1332 1039 1376 spatio

49 1357 317 1395 retardaretur:
353 1374 459 1406 quare
488 1367 747 1416 circumirent,
775 1374 850 1411 suas
879 1377 1035 1420 quisque

49 1402 172 1445 copias
192 1406 436 1444 contraheret.
484 1409 546 1447 Ad
564 1412 745 1461 Antigoni
769 1430 888 1455 autem
917 1423 1036 1458 refre-

49 1445 203 1481 nandum
224 1448 419 1495 impetum,
446 1456 516 1491 tale
537 1459 634 1502 capit
653 1461 857 1500 confilium.
894 1464 1033 1504 Certos

46 1491 158 1525 mittit
185 1492 351 1530 homines
371 1497 415 1533 ad
433 1498 576 1537 infimos
596 1514 762 1552 montes,
789 1509 850 1552 qui
868 1510 969 1546 obvii
991 1523 1033 1546 e-

44 1543 122 1569 rant
141 1535 264 1571 itineri
284 1538 583 1582 adversariorum:
612 1548 740 1592 hisque
760 1555 960 1600 praecepit,
982 1566 1028 1592 ut

45 1579 159 1621 prima
178 1583 286 1616 noete
305 1595 407 1627 quam
424 1587 585 1627 latissime
605 1594 873 1644 possint,ignes
892 1599 1034 1637 faciant:

44 1633 145 1665 quam
171 1625 366 1675 maximos,
392 1633 595 1675 atque'hos
624 1637 780 1676 secunda
807 1642 934 1687 vigilia
960 1646 1029 1680 mi-

42 1677 176 1713 nuant,
203 1671 306 1707 tertia
324 1677 545 1721 perexiguos
564 1681 737 1720 reddant:
764 1682 801 1721 δε
821 1686 1029 1726 adsimulata

41 1710 232 1749 castrorum
250 1717 514 1758 consuetudine
525 1723 767 1770 suspicionem
779 1731 946 1775 injiciant
957 1734 1027 1770 ho·

42 1753 174 1802 stibus,
199 1758 253 1794 his
274 1761 367 1797 locis
389 1765 459 1801 esse
479 1767 608 1815 castra,
621 1782 661 1806 ac
679 1772 724 1809 de
743 1786 869 1811 eorum
888 1776 1023 1813 adven-

40 1806 79 1843 tu
98 1805 371 1842 praenuntiatum
385 1808 573 1856 :idemque
585 1815 728 1857 postera
746 1821 853 1855 noete
870 1820 1023 1859 faciant.

39 1843 182 1892 Quibus
202 1846 410 1890 imperatum
438 1864 513 1890 erat
532 1882 544 1902 ‚
579 1858 775 1905 diligenter
796 1874 1023 1909 praeceptum.

38 1897 175 1924 curant.
224 1889 434 1938 Antigonus
459 1901 619 1937 tenebris
639 1904 781 1941 obortis
801 1908 905 1953 ignes
926 1919 1020 1945 con-

34 1931 212 1976 spicatur:
228 1936 345 1974 credit
362 1939 408 1976 de
427 1940 492 1978 suo
519 1944 676 1982 adventu
695 1949 764 1985 ess‘e
782 1952 939 1989 auditum
951 1981 962 1999 ‚
976 1952 1018 1991 ἃ

33 1975 252 2015 adversanos
272 1980 360 2018 illuc
378 1984 453 2022 suas
473 1992 689 2028 contraxisse
709 1995 846 2039 copias.
895 1998 1019 2036 Mutat

23 2020 246 2073 confilium,
272 2022 308 2064 &
329 2031 497 2114 ‘lamii-‘²¹²¹
516 2032 754 2081 inprudentes
773 2039 907 2082 adoriri
923 2055 1015 2124 dion

468 2085 492 2122 4
869 2098 920 2133 ΡΟ
951 2098 1012 2133 et,
