1170 2248
368 1 386 16 Ἀ

138 33 187 75 96
370 27 636 67 Commu
667 28 899 71 Nerone

112 99 114 103 ·
138 75 247 118 taspis
266 73 383 110 fliius:
412 86 565 118 quorum
584 85 734 119 uterque
754 78 911 120 privatus
930 78 1062 116 virtute
1073 90 1128 118 re-

138 130 248 169 gnum
267 118 318 153 est
337 119 503 162 adeptus.
529 120 633 156 Prior
651 122 778 156 horum
797 122 894 165 apud
913 124 1127 171 Massagetas

139 174 177 197 ιη
207 164 336 206 praelio
367 163 515 199 cecidit.
558 164 689 200 Darius
708 164 893 202 senec-“tute
914 167 1010 203 diem
1032 169 1129 205 obiit

137 207 356 250 supremum.
398 207 492 243 Tres
513 207 595 243 sunt
611 218 784 252 praeterea
795 210 951 255 ejusdem
964 214 1123 259 ueneris,

140 250 288 286 Xerxes
331 249 369 287 ἃ
390 252 464 288 duo
484 252 728 298 Artaxerxes,
750 239 1006 293 Macrochir&
1018 258 1128 293 Mne-

140 306 244 330 mon.
270 277 389 331 >feriri
407 296 559 332 maxime
581 296 633 332 est
652 296 790 333 illustre
803 324 815 344 ‚
841 300 941 342 quod
961 302 1125 337 maximis

138 338 222 383 post
241 340 426 376 hominum
447 341 654 377 memoriam
675 343 919 389 exercitibus,
946 354 1038 381 terra
1056 357 1128 381 ma-

139 384 243 427 rique
263 386 400 421 bellum
422 386 546 421 intulit
565 385 727 421 Graeciae.
755 385 807 422 At
816 388 1028 425 Macrochir
1037 401 1127 433 prae-

139 429 282 472 cipuam
301 430 408 464 habet
425 430 566 465 laudem
585 430 796 474 ampliffimae
807 433 1128 478 pulcherrimaeque

139 474 307 516 corporis
325 473 471 509 formae:
506 486 608 517 quam
628 476 834 511 incredibill
856 478 998 513 ornavit
1017 478 1128 513 virtu-

138 526 178 552 te
209 518 311 552 belli.
360 517 526 562 Namque
554 519 623 554 illo
653 518 776 555 Perses
806 531 912 556 nemo
931 522 1002 557 fuit
1021 534 1127 558 manu

136 561 289 597 fortior.
344 563 525 598 Mnemon
554 573 671 598 autem
697 563 841 608 justitioe
869 566 961 601 fama
987 567 1126 603 floruit.

137 604 233 641 'Nam
257 617 364 650 quum
383 607 501 643 matris
521 607 590 642 suae
606 608 744 644 scelere
764 608 929 645 amisisset
946 621 1123 657 uxorem,

138 658 276 685 tantum
296 650 444 686 indulsit
464 651 612 697 dolori,
647 662 690 688 ut
711 665 793 688 eum
812 654 929 697 pietas
948 655 1126 691 vinceret.

139 693 200 729 Ex
219 695 274 729 his
295 695 372 731 duo
395 695 531 731 eodem
551 697 701 732 nomine
751 699 883 733 morbo
911 709 1043 734 naturae
1063 699 1128 734 de-

139 738 254 773 bitum
276 738 534 775 reddiderunt:
548 741 675 777 tertius
694 723 737 778 ai>
752 742 937 778 Artabano
950 743 1126 788 praefec‘to

138 782 243 819 ferro
262 783 476 820 interemtus
505 783 569 820 est.

507 828 539 864 C
563 841 588 864 A
615 839 649 865 P.
699 830 759 866 11.

139 870 231 941 Ex
250 872 498 909 Macedonum
516 883 633 909 autem
653 885 785 920 genere
806 874 880 912 duo
894 877 1010 913 multo
1023 887 1128 913 cete-

207 928 267 952 ros
287 918 552 953 antecesserunt
571 929 690 953 rerum
710 920 883 965 gestarum
896 922 1031 967 gloria:
1045 921 1129 957 Phi·

140 961 266 1005 lippus
276 960 346 997 Am
363 972 443 997 ’ntae
454 961 549 997 filius
562 988 573 1007 ,
586 959 624 999 &
634 961 846 1000 Alexander
855 966 1024 1001 Maonus.
1045 966 1128 1001 Ho-

141 1017 218 1042 rum
241 1006 332 1040 alter
374 1007 530 1052 abylone
542 1008 669 1043 morbo
682 1009 887 1045 consumtus
902 992 964 1046 eit.
991 1010 1131 1054 Philip-

144 1061 213 1093 pus
233 1051 336 1096 AEgis
348 1050 565 1094 aPausania‚
580 1064 686 1095 quum
696 1053 891 1096 speciatum
904 1055 1011 1090 ludos
1033 1054 1128 1100 iret,

141 1095 244 1139 juxta
263 1096 439 1130 theatrum
460 1096 602 1131 occisus
625 1096 689 1132 est.
725 1098 828 1134 Unus
850 1099 1025 1142 Epirotes
1045 1098 1072 1133 P
1087 1110 1131 1134 'r-

142 1139 244 1183 rhus,
258 1139 412 1182 quicum
423 1142 568 1185 populo
579 1141 691 1177 Rom.
704 1142 867 1178 bellavit.
895 1143 928 1178 Is
940 1155 1045 1187 quum
1058 1166 1071 1179 i
1096 1155 1128 1179 r-

143 1194 211 1234 gos
224 1183 402 1228 oppidum
417 1195 647 1231 oppugnaret
658 1186 695 1221 in
707 1186 968 1231 Peloponneso
979 1215 991 1234 ‚
1004 1188 1130 1232 lapide

141 1230 235 1263 attus
247 1228 397 1264 interiit.
423 1229 527 1265 Unus
539 1230 624 1265 item
636 1231 795 1277 Siculus5
804 1231 999 1278 Dionysius
1012 1232 1128 1276 prior.

140 1270 236 1307 Nam
257 1269 295 1307 δε
314 1284 417 1308 manu
442 1274 570 1318 fortis,
597 1272 634 1309 ἀ
664 1275 754 1310 belli
772 1276 918 1319 -peritus
946 1277 1039 1322 fuit,
1067 1275 1129 1322 &‚

140 1315 183 1352 id
202 1316 300 1359 quod
320 1317 357 1351 in
376 1327 529 1361 tyranno
559 1329 635 1354 nou
661 1319 769 1353 facile
798 1321 1000 1365 reperitur,
1027 1321 1133 1356 mini-

142 1371 200 1395 me
232 1360 480 1406 libidinosus,
507 1373 582 1397 non
611 1362 821 1398 luxuriosus
841 1389 854 1407 ,
880 1375 955 1398 nou
985 1376 1130 1410 avarus,

142 1403 281 1441 nullius
301 1406 353 1440 rei
373 1405 531 1448 denique
552 1406 706 1450 cupidus
719 1433 731 1452 ‚
757 1406 822 1442 nisi
842 1406 1028 1453 singularis
1050 1419 1131 1450 per-

141 1448 318 1492 petuique
339 1450 498 1497 imperii,
511 1451 559 1485 ob
579 1462 725 1494 eamque
745 1463 819 1487 rem
840 1452 1010 1488 crudelis.
1037 1451 1132 1488 Nam

143 1492 230 1528 dum
250 1492 288 1528 id
306 1492 441 1532 studuit
470 1496 632 1541 munire,
659 1496 793 1531 nullius
825 1498 994 1540 pepercit
1022 1497 1129 1543 vitae,

145 1548 252 1580 quem
274 1538 351 1581 ejus
371 1538 618 1575 insidiatorem
638 1549 791 1583 putaret.
840 1540 914 1576 Hic
935 1545 1042 1584 q‘uum
1061 1542 1132 1576 vir-
1169 1552 1170 1584 ξ

147 1592 226 1616 tute
246 1582 469 1627 tyrannidem
498 1583 561 1619 fibi
588 1584 805 1628 peperisset,
831 1596 954 1630 magna
981 1585 1133 1621 retinuit
1169 1605 1170 1608 ¹

144 1626 324 1661 felicitate
338 1639 346 1661 ε
360 1628 543 1672 majorque
553 1639 666 1663 annos
685 1628 867 1674 sexaginta
887 1639 989 1664 natus
1006 1629 1134 1679 deces-

147 1669 193 1705 fit
220 1670 375 1706 florente
402 1683 531 1717 regno.
580 1671 713 1716 Neque
732 1672 769 1707 in
791 1672 857 1708 tani
885 1672 1007 1708 multis
1033 1674 1136 1709 annis
1169 1677 1170 1703 ἓ

147 1714 351 1757 cujusquam
380 1726 427 1749 ex
456 1715 516 1750 sua
543 1714 652 1760 stirpe
678 1716 786 1751 funus
815 1716 931 1761 vidit,
959 1728 1065 1760 quum
1087 1729 1134 1754 ex

146 1758 264 1793 tribus
284 1758 459 1794 uxoribus
478 1760 615 1796 liberos
635 1761 877 1807 procreasset,
898 1761 1076 1807 multique
1097 1763 1134 1799 ei

147 1802 223 1838 nati
242 1802 356 1840 ess'ent
374 1813 554 1850 nepotes,

505 1848 538 1884 C
563 1859 588 1884 A
614 1860 649 1885 ι».
697 1849 782 1887 ΙΙῘ.

148 1890 341 1960 Fuerunt
360 1901 533 1936 praeterea
550 1894 666 1939 magni
685 1906 789 1940 reges
810 1906 857 1932 ex
874 1895 997 1932 amicis
1016 1894 1132 1933 Alex-

208 1935 310 1971 andri
328 1936 477 1983 Magni,
503 1938 564 1980 qui
594 1937 678 1982 post
705 1940 849 1976 obitum
878 1941 955 1985 ejus
983 1941 1132 1985 imperia

148 1990 341 2023 ceperunt.
369 1982 408 2016 In
428 1983 482 2017 his
503 1982 737 2028 Antigonus‚-
761 1981 799 2020 &
818 1985 923 2029 hujus
941 1983 1034 2020 filius
1054 1984 1133 2019 De-

150 2025 304 2063 metrius
316 2037 325 2063 z
338 2024 565 2076 Lyfimachus
575 2053 588 2076 2
607 2027 780 2069 Seleucus
789 2054 803 2077 ,
815 2027 1043 2071 Ptolemaeus.
1071 2029 1133 2112 ἓξ

1102 2085 1113 2110 1
