1170 2248
141 64 188 90 βο
372 47 900 88 eonunanmoms

142 97 322 133 Graeciam
340 97 511 133 liberavit
521 122 533 142 ,
546 97 628 131 talis
640 97 760 132 honos
770 97 925 132 tributus
938 93 989 132 est
1001 95 1035 132 in
1048 105 1135 140 por-

140 143 244 188 ticu,
271 153 349 185 quae
368 141 504 176 Poecile
523 150 696 185 vocatur,
718 151 797 175 cum
817 152 938 185 pugna
954 141 1134 185 depinge-

138 185 565 237 mturnnlarathoniafflt
585 185 622 220 in
643 185 767 220 decem
789 184 984 228 praetorum
1009 185 1133 221 nume-

137 242 184 267 ro
206 242 321 274 pruna
341 231 417 274 ejus
438 229 557 275 imago
577 239 801 274 poneretur,
817 230 1135 273 isquehortm·etur

136 276 301 321 milites,
327 274 563 319 praeliumque
584 275 842 309 committeret.
868 273 968 308 Idem
989 274 1134 318 illepo—

137 321 249 364 pulus
262 345 274 364 ,
310 318 539 363 posteaquam
560 319 670 362 majus
690 318 879 362 imperium
901 317 951 353 est
971 321 1092 354 nac'tus
1117 344 1130 363 ,

143 362 184 399 ἃ
213 363 409 408 largitione
437 362 697 408 magistratuum
728 371 920 406 corruptus
942 361 993 398 est
1012 389 1024 407 ,
1061 372 1133 399 trc-

137 418 265 445 centas
278 406 412 447 ,statuas
432 406 628 487 Degetrio
648 406 824 486 Plfflcfeo
845 407 1021 443 decrevit.

546 464 571 488 A
599 462 631 486 P.
775 477 784 486 .

138 498 198 568 P
213 496 275 533 ost*
294 498 366 534 hoc
393 496 555 542 praelium
586 495 727 531 clasi'em
746 495 973 542 septuaginta
991 496 1133 533 navium

210 542 455 578 Athenienses
477 541 595 577 eidem
617 539 779 575 Miltiadi
799 540 1000 586 dederunt,
1016 552 1053 576 ut
1076 542 1133 576 in-

134 588 252 633 sulas,
274 598 351 631 quae
371 587 541 622 barbaros
560 584 791 629 adjuverant,
814 586 916 620 bello
937 586 1132 629 perseque-

137 643 253 669 retur.
289 643 361 676 quo
381 631 539 674 imperio
560 631 750 674 plerasque
770 628 813 663 ad
832 629 989 665 officium
1011 630 1132 665 redire

136 677 286 722 coegit,
312 676 507 712 nonnullas
527 675 562 709 vi
583 674 818 718 expugnavit.
854 674 911 709 Ex
931 675 984 709 his
1006 673 1133 709 Parum

134 721 289 757 insulam
317 721 454 765 opibus
475 720 602 754 elatam
622 744 634 763 ,
671 729 750 753 cum
773 719 944 754 oratione
965 715 1133 753 reconci-

135 766 228 802 liare
248 777 323 801 non
345 764 484 808 posset,
519 763 648 810 copias
669 773 688 798 e
710 762 857 797 navibus
882 763 1037 806 eduxit,
1073 772 1131 796 ur-

135 811 222 846 bem
251 810 426 854 operibus
446 806 571 843 clauiit
591 834 602 852 ,
639 807 809 849 omnique
831 816 1032 841 commeatu
1053 807 1131 850 pri-

136 855 258 898 vavit,
288 853 424 889 deinde
443 852 561 888 vineis
582 863 621 887 ac
644 850 883 886 testudinibus
904 850 1128 895 constitutis,

137 901 294 945 propius
316 909 437 933 muros
458 897 612 932 accessit.
640 895 728 930 Cum
749 897 818 940 jam
837 896 874 930 in
897 907 943 931 eo
966 895 1132 939 ess'ct,ut

135 943 286 988 oppido
308 942 517 987 potiretur,
553 941 684 984 procul
708 941 745 975 in
767 940 977 975 continenti
1000 941 1128 985 lucus,

135 989 201 1032 qui
232 999 277 1023 ex
299 986 414 1022 insula
434 984 748 1028 conspiciebatur,
786 984 910 1019 nescio
932 995 1004 1027 quo
1024 984 1127 1029 casu,

134 1034 320 1069 nodiurno
342 1041 508 1073 tempore
529 1027 698 1064 incensus
718 1026 792 1063 est:
814 1028 914 1071 cnjus
936 1029 1072 1063 ssamma
1091 1038 1131 1062 ut

136 1078 182 1113 ab
204 1075 400 1121 oppidanis
422 1072 459 1110 &
481 1073 793 1118 oppugnatoribus
815 1071 866 1107 est
887 1072 957 1107 visa
977 1099 989 1117 ,
1025 1072 1129 1107 utris-

137 1133 210 1165 que
231 1121 333 1156 venit
351 1120 387 1156 in
407 1118 651 1163 opinionem,
678 1117 814 1163 signum
836 1130 854 1152 a
874 1117 1051 1151 claffiariis
1074 1128 1129 1151 re-

135 1166 210 1212 giis
230 1165 363 1201 datum.
414 1175 487 1207 quo
506 1163 634 1198 fac'tum
655 1161 728 1203 est,
755 1171 795 1196 ut
815 1158 851 1196 ἃ
873 1161 966 1196 Parii
987 1172 1006 1196 a
1024 1160 1130 1196 dedi-

135 1212 243 1247 tione
273 1209 545 1245 deterrerentur
562 1234 574 1252 ,
610 1205 648 1242 ἃ
668 1205 861 1241 Miltiades
879 1206 1010 1240 timens
1033 1231 1045 1251 ,
1082 1216 1128 1240 ne

136 1255 252 1291 ciassis
270 1255 368 1301 regia
386 1253 622 1297 adventaret,
650 1249 806 1286 incensis
825 1251 1024 1294 operibus,
1050 1260 1129 1293 quae

136 1299 307 1336 statuerat
323 1325 336 1343 ,
376 1308 457 1333 cum
476 1296 631 1332 totidem
652 1297 802 1331 uzu-ibus
821 1305 928 1338 atque
950 1304 1023 1330 crat
1042 1305 1127 1337 pro-

133 1345 255 1380 fectus
275 1369 288 1389 ‚
322 1341 487 1378 Athenas
516 1352 643 1386 magna
671 1351 752 1376 cum
772 1338 976 1375 offensione
997 1339 1130 1373 cixium

133 1390 284 1425 suorum
312 1387 461 1423 rediret.
519 1384 722 1421 Accusatus
751 1395 839 1429 crgo
867 1383 1092 1428 proditionis
1113 1408 1127 1427 ‚

136 1433 240 1478 quod
259 1444 338 1468 cum
359 1431 482 1466 Parum
503 1440 710 1476 expugnare
740 1428 881 1473 poss'et,
908 1440 925 1462 a
944 1438 1026 1471 rege
1048 1438 1128 1462 cor-

134 1487 266 1523 ruptus
294 1476 441 1512 infec'tis
469 1476 576 1510 rubus
604 1486 624 1510 a
650 1485 770 1517 pugna
795 1471 1011 1508 discessiss'et.
1070 1471 1129 1506 Eo

138 1532 309 1567 tempore
336 1531 431 1565 aeger
458 1529 532 1554 erat
559 1519 770 1554 vulneribus
788 1543 800 1562 ,
844 1528 921 1560 quat
951 1517 987 1551 in
1008 1527 1127 1559 oppu-

136 1567 286 1613 gnando
305 1564 447 1609 oppido
468 1573 670 1607 acceperat.
713 1563 839 1605 ltaque
859 1561 1031 1605 quoniam
1050 1559 1128 1603 ipse

134 1623 206 1657 pro
227 1612 263 1646 se
284 1610 406 1646 dicere
426 1619 501 1644 non
521 1607 783 1653 poffet,x·erba
803 1616 872 1650 pro
893 1616 938 1641 eo
958 1604 1047 1639 fecit
1061 1605 1128 1638 sra—
1159 1625 1164 1634 .

135 1668 197 1692 ter
216 1657 296 1700 ejus
315 1654 520 1700 Tisagoras.
570 1651 694 1687 Causs‘a
714 1652 885 1695 cognita,
919 1649 1048 1692 capitis
1067 1649 1129 1683 ab·

134 1701 278 1737 solutus
297 1700 454 1743 pecunia
471 1696 642 1732 multatus
663 1695 726 1732 est.
753 1696 876 1735 anue
897 1694 940 1728 lis
953 1693 1128 1736 quinqua-

135 1747 239 1790 ginta
265 1744 412 1780 talentis
441 1741 609 1777 aestimata
638 1740 690 1777 est
709 1767 721 1786 ‚
758 1750 911 1784 quantus
930 1738 966 1773 in
988 1738 1132 1773 cinisem

137 1789 277 1825 sumtus
296 1788 333 1823 fa
351 1790 410 1823 ius
433 1798 521 1823 erat.
548 1785 655 1821 Hanc
675 1785 866 1829 pecuniam
890 1782 989 1827 quod
1009 1778 1138 1817 solve-¹

138 1845 179 1870 re
209 1845 285 1869 non
340 1842 457 1868 oterat
475 1859 487 1877 ,
529 1831 567 1866 in
597 1830 744 1865 vincula
770 1829 921 1873 publica
940 1828 1129 1872 conjectus

138 1879 216 1926 est,
242 1878 364 1923 ibique
383 1876 478 1913 diem
499 1875 597 1911 obiit
617 1875 834 1918 supremum.

479 1919 510 1955 C
535 1932 558 1955 Λ
586 1930 619 1954 Ρ.
671 1918 798 1955 VIII.

233 1969 265 2003 ie
286 1965 349 2004 etii
368 1964 520 2002 crimine
538 1963 642 1999 Pario
662 1962 713 1999 est
731 1962 936 2008 accusatus,
955 1969 1072 1997 tamen
1094 1972 1131 1997 a·

234 2013 282 2048 lia
298 2012 371 2047 fuit
389 2009 500 2046 caussa
520 2007 775 2044 damnationis.
810 2007 903 2043 Nam
921 2006 1129 2041 Athenien-

138 2059 195 2097 ses
214 2066 369 2106 propter
388 2052 557 2093 Pifistrati
575 2053 823 2101 tymnuidcm,
835 2062 912 2099 qua:
930 2051 1054 2098 paucis
1066 2062 1127 2100 :113-

1070 2105 1127 2131 nis

1049 2185 1061 2200 ἱ
1099 2192 1132 2204 „-
