1170 2248
830 0 873 6 ,vr-
886 0 938 10 η...

132 71 138 85 l

143 86 209 121 130
292 107 295 110 .
388 71 649 111 Coxmzzu
673 73 902 112 Navoa-12

465 118 496 153 C
521 131 546 154 Α
571 129 606 154 Ρ.
656 119 785 157 VIII.

144 165 298 234 Alpes
317 163 354 199 in
372 163 643 209 longitudinem
662 163 755 199 XM.
785 163 868 207 pass:
893 172 1017 207 patere
1037 174 1056 199 a
1075 161 1132 198 su-

241 220 334 253 pero
360 209 445 243 mari
474 208 519 243 ad
546 207 726 258 inferum²
760 207 892 243 Caelius
913 208 1039 243 tradit:
1067 208 1131 242 'ri-

144 265 316 304 magenes
347 252 420 287 XX
437 252 494 287 M.
524 252 608 295 pass.
638 251 802 289 deduffis
821 252 857 287 in
879 252 1129 297 latitudinem,

146 298 345 333 Cornehus
364 296 497 340 Nepos
519 296 608 331 CM:
627 295 673 331 T.
697 295 827 331 Livius
849 296 913 331 tria
923 297 980 332 M.
994 295 1129 332 stadio-

144 354 245 378 rum:
274 352 426 385 uterque
446 340 592 376 diversis
612 341 649 375 in
669 340 780 376 locis.
806 345 896 375 Plin.
917 375 924 382 ,
940 367 952 385 ,
975 352 1030 384 19.

193 388 293 422 Inter
319 385 412 421 duos
441 384 679 429 Bosphoros,
705 384 897 419 Thracium
933 385 952 404 ¹*
975 385 1131 419 Cimme-

143 431 238 467 rium
257 457 270 476 ‚
305 430 445 465 dii-eoo
474 429 579 464 cursu
598 455 611 474 ‚
648 439 688 464 ut
714 431 839 463 auc‘tor
860 428 911 463 est
931 428 1130 474 Polybius,

140 487 237 513 13³1.
266 475 423 519 passuum
450 474 644 509 intersunt.
703 472 869 508 Circuitu
898 484 987 509 vero
1017 473 1132 508 totius

143 520 257 556 Ponti
284 520 397 555 vicies
427 518 537 553 semel
558 527 713 553 centena
731 516 990 563 quinquaginta
1009 517 1066 551 M.
1093 526 1132 552 ut

145 567 275 600 anetor
292 562 343 599 est
354 564 492 607 Varro,
513 560 551 597 &
569 563 647 597 fere
665 571 821 597 veteres.
847 560 980 605 Nepos
991 560 1132 596 Corne-

142 610 217 645 lius
231 618 391 644 trecenta
401 608 514 643 millia
526 606 782 652 quinquaginta
793 605 934 649 adjicit.
948 611 989 641 L.
1001 616 1037 649 4,
1054 615 1107 640 12.

194 654 235 688 In
257 665 320 688 ora
341 652 481 687 Oceani
500 677 513 696 ,
550 650 699 686 colonia
719 649 894 695 Augusti,
920 650 1013 694 Julia
1032 647 1133 684 Con-

143 696 295 741 stantia,
322 694 394 732 &c.
417 693 454 730 δε
475 697 516 730 ab
537 706 578 730 ea
598 693 745 729 XXXII
765 695 821 729 M.
842 695 926 738 pass'.
947 692 1098 729 colonia
1116 703 1135 727 a

144 742 304 777 Claudio
333 740 470 775 Caesarc
496 740 586 774 fac'la
614 738 744 773 Lixos.
796 738 852 773 Ibi
873 738 969 781 regia
987 737 1131 781 Antaei,

143 796 402 829 certamenque
421 795 502 819 cum
522 783 685 818 Hercule
697 808 709 825 ‚
729 780 765 817 δε
778 782 1021 826 Hesperidum
1034 781 1133 815 Ilor-

143 832 175 866 ti
195 828 268 865 &c.
295 828 420 865 Exstat
439 830 477 863 in
499 838 539 863 ea
557 825 594 862 δι’.
614 838 671 862 ara
691 827 862 862 Herculis
912 837 979 861 nec
1000 835 1133 869 praeter

143 872 323 910 oleastros
350 872 451 908 aliud
471 883 518 906 ex
538 881 678 905 narrato
700 871 767 905 illo
787 852 945 905 aurifero
965 880 1129 904 nemore.

144 920 274 954 minus
315 917 485 961 profec'to
518 915 698 949 mirentur
727 914 944 957 portentosa
979 910 1131 949 Graeciae

145 963 331 999 mendacia
344 988 356 1006 ,
383 961 427 996 de
448 960 493 995 iis
513 957 550 995 &
570 971 671 994 amne
692 958 791 994 Lixo
813 958 979 1001 prodita,
993 957 1054 1001 qui
1067 960 1135 991 co-’

145 1009 288 1054 guent,
316 1005 461 1042 nostros
488 1015 606 1049 nuper
631 1004 757 1047 paullo
778 1003 895 1037 minus
915 1000 1132 1037 monstrifica

145 1051 305 1097 quaedam
333 1050 378 1086 de
408 1048 534 1084 iisdem
561 1047 763 1083 tradidisse:
798 1046 1019 1091 praevalidam
1039 1047 1131 1080 hanc

145 1098 294 1142 urbem,
321 1096 565 1139 majoremque
587 1092 804 1138 Karthagine
823 1103 968 1137 magna:
1003 1100 1131 1134 praete-

145 1153 206 1177 rea
239 1153 286 1176 ex
314 1138 464 1175 adverso
493 1139 570 1182 ejus
601 1136 722 1180 fitam,
758 1135 794 1172 δε
815 1147 931 1180 prope
953 1133 1130 1169 immenso

146 1188 261 1221 traclu
289 1186 330 1220 ab
358 1183 492 1226 Tingi:
520 1193 669 1226 quaeque
689 1181 759 1217 alia
778 1180 974 1217 Cornelius
997 1178 1130 1223 Nepos

142 1226 526 1266 avidiffimecredidit.
553 1232 628 1261 Lib.
650 1238 684 1271 5.
705 1243 733 1261 c.
758 1237 790 1260 1.
1132 1234 1134 1249 2

195 1274 322 1316 Aliqui
343 1274 438 1308 inter
449 1272 604 1306 Pontum
617 1268 653 1305 δε
667 1270 834 1313 Caspium
846 1280 940 1303 mare
954 1277 1130 1303 cchxxv

144 1330 192 1354 M.
214 1319 297 1361 pafl'.
321 1328 394 1352 non
415 1316 566 1359 amplius
586 1315 753 1349 interesse
774 1313 1017 1349 tradiderunt:
1039 1310 1132 1347 Cor·

142 1364 262 1399 nelius
281 1361 413 1404 Nepos
433 1369 555 1395 ccmn.
581 1364 657 1394 Lib.
678 1363 713 1402 6,
735 1370 766 1392 1.

192 1406 364 1442 Pon-hius
391 1406 426 1439 in
457 1414 617 1439 extrema
643 1402 859 1437 Mauritania
885 1411 1012 1435 contra
1029 1410 1133 1433 mon-

145 1461 219 1486 tem
239 1450 425 1485 Atlantem
446 1460 465 1483 a
484 1458 577 1482 terra
595 1445 702 1482 stadia
722 1448 807 1482 ofto
828 1444 942 1480 abesse
962 1442 1132 1488 prodidit

145 1496 308 1530 Cernen.
335 1493 467 1537 Nepos
495 1491 691 1527 Cornelius
724 1502 770 1526 ex
798 1488 949 1525 adverso
976 1488 1132 1523 maxime

145 1539 377 1585 {Karthaginis
404 1550 422 1572 a
443 1537 662 1572 continente
681 1535 795 1578 passus
816 1534 938 1569 mille:
966 1544 1040 1567 non
1062 1535 1133 1566 aul-⁴

146 1585 305 1629 pliorem
328 1582 481 1618 circuitu
502 1581 643 1616 duobus
663 1580 836 1616 millibus.
866 1583 941 1612 Lib.
961 1581 996 1620 6,
1020 1588 1075 1622 31.
1143 1606 1145 1610 .

196 1628 328 1671 Nepos
349 1626 569 1669 Cornelius,
591 1625 651 1667 qui
673 1624 760 1658 Divi
778 1620 933 1667 Augusti
952 1619 1146 1664 principa-'1'

145 1682 187 1708 tu
208 1673 302 1708 obiit
322 1684 331 1706 :
365 1672 430 1705 Me
444 1696 456 1715 ‚
482 1670 602 1712 inquit
624 1695 637 1713 ,
664 1669 797 1711 jux-tue
817 1668 979 1701 violacea
997 1669 1147 1708 purpu-J‘

146 1729 185 1752 ra
214 1717 387 1761 vigebat,
423 1716 524 1757 cujus
557 1714 646 1747 libra
673 1711 826 1746 denariis
858 1720 1003 1744 centum
1033 1707 1142 1742 veni-¹

146 1763 234 1803 δαῖε,
259 1771 326 1795 nec
345 1759 460 1793 multo
480 1756 563 1801 post
583 1758 686 1792 rubra
705 1754 911 1789 Tarentina.
939 1752 1037 1787 Huic
1056 1751 1145 1786 suc-t

149 1806 253 1840 cessit
271 1804 424 1847 dibapha
441 1802 572 1847 Tyria,
599 1812 676 1842 qua:
696 1801 731 1834 in
753 1799 858 1834 libras
877 1797 1033 1832 denariis
1053 1796 1147 1838 mil-f

147 1852 187 1885 le
208 1861 284 1884 non
305 1857 448 1891 poterat
472 1847 555 1882 emi.
583 1845 661 1880 Hac
681 1844 718 1879 P.
741 1843 919 1878 Lentulus
939 1841 1146 1885 Spinther&

149 1893 288 1930 AEdilis
313 1891 482 1936 Curulis,
508 1891 643 1934 primus
661 1889 696 1924 in
717 1896 890 1932 praetexta
907 1885 988 1921 usus
1011 1885 1134 1928 inpro-

149 1940 274 1973 batur:
301 1949 368 1980 qua
394 1947 550 1980 purpura
578 1934 656 1979 quis
684 1944 758 1968 non
785 1933 876 1976 jam,
902 1929 1046 1975 inquit,
1072 1928 1136 1963 tri·

150 1983 315 2017 cliniaria
332 1981 449 2016 facit?
476 1985 517 2015 L.
539 1992 573 2024 9.
592 1996 620 2014 c.
642 1989 696 2021 17.
721 1984 751 2013 εξ
772 1988 826 2019 39.

199 2026 388 2070 onychem
408 2025 513 2059 etiam
534 2035 606 2058 tum
626 2023 662 2057 in
683 2021 829 2057 Arabia>
845 2019 1050 2061 montibus,
1063 2026 1134 2051 nec

151 2070 298 2117 usquam
315 2069 427 2108 aliubi
447 2069 541 2108 nasci
559 2077 731 2115 putavere
751 2064 863 2104 nostri
879 2073 1044 2102 veteres:
1070 2060 1135 2141 segc!

1144 2127 1150 2149 <

1135 2215 1139 2222 Ι
1148 2211 1149 2215 ,
