1170 2248
110 62 159 100 90
342 49 603 88 CoRNnLn
627 49 856 87 Nerone

106 97 183 133 'nio
205 106 357 140 eorum,
384 95 447 139 qui
469 94 552 139 post
578 93 825 131 Alexandrum
845 96 1018 142 Magnum
1046 107 1104 134 re-

108 152 172 187 ges
191 141 389 185 appellati,
417 151 464 175 ex
483 141 555 176 hoc
573 139 745 176 facillime
775 140 898 185 potest
923 141 1099 186 judicari,

109 184 210 229 quod
231 196 339 220 nemo
360 186 526 220 Eumene
547 184 633 219 vivo
652 195 717 220 rex
738 186 940 229 appellatus
951 184 1100 231 est.,sed

108 230 321 274 praefectus:
344 228 454 265 iidem
475 226 558 273 post
577 228 684 273 hujus
705 229 894 276 occasum,
916 229 1032 266 statim
1045 243 1100 267 re-

107 274 204 319 gium
239 282 404 310 ornatum
433 284 639 317 nomenque
672 272 897 310 sumserunt:
941 286 1061 318 neque
1082 301 1096 321 ,

109 318 209 362 quod
229 318 338 354 initio
359 318 620 363 praedicarunt,
634 316 669 353 se
688 317 894 361 Alexandri
905 319 1028 355 liberis
1041 331 1097 355 re-

107 373 218 408 gnum
245 362 407 408 servare,
443 362 481 397 id
509 361 673 407 praestare
702 364 933 409 voluerunt3
967 360 1004 399 ὃς
1023 376 1098 400 uno

106 417 382 453 propugnatore
411 406 576 453 sublato,
611 406 701 449 quid
721 408 921 454 sentirent,
949 419 1102 452 aperue-

106 461 204 488 runt.
257 451 377 496 Hujus
401 451 548 488 sceleris
569 452 754 496 principes
773 453 922 488 fuerunt
938 451 1100 496 Antigo-

106 508 198 540 nus,
233 495 475 542 Ptolemaeus,
508 498 681 533 Seleucus
694 522 706 539 .,
734 496 985 543 Lyfimachus,
1013 496 1097 533 Cas-

105 541 245 577 sander.
293 540 506 586 Antigonus
536 551 655 577 autem
685 542 886 577 Eumenem
915 552 1097 577 mortuum

104 586 323 630 propinquis
343 587 424 630 ejus
433 585 684 630 sepeliendum
698 586 858 622 tradidit.
886 586 1099 622 lIimilitari

104 628 263 666 honesto
282 630 434 674 funere,
456 630 652 667 comitante
672 640 754 667 toto
775 631 963 676 exercitu,
976 632 1098 667 huma-

104 685 255 711 verunt:
277 674 420 717 ossaque
440 676 517 717 ejus
537 674 573 709 in
593 674 861 719 Cappadociam
883 676 924 711 ad
948 686 1097 711 matrem

103 728 212 763 atque
239 730 392 755 uxorem
420 719 632 764 liberosque
655 721 731 764 ejus
751 719 980 764 deportanda
1000 731 1099 757 cura-

103 775 201 801 runt.

143 855 328 914 XIX.
423 854 1055 916 PHOCION.

491 968 522 1006 C
546 982 572 1006 A
596 979 631 1006 Ρ.
681 968 711 1004 Ῑ.

102 1031 426 1102 PIIOCION
449 1032 981 1081 ATHENIENSIS,etfi
1001 1034 1093 1079 saepe

174 1079 396 1114 exercitibus
424 1079 594 1123 praefuit,
628 1078 856 1123 summosque
878 1078 1097 1125 magistratus

103 1124 227 1168 cepit2,
261 1132 378 1158 tamen
399 1124 515 1159 multo
538 1125 615 1167 ejus
635 1123 763 1159 notior
781 1124 966 1170 integritas
988 1124 1093 1167 vitae,

103 1178 205 1209 quam
225 1168 280 1203 rei
300 1167 464 1203 militaris
482 1168 597 1204 labor.
646 1168 771 1212 Itaque
792 1169 896 1213 hujus
919 1168 1097 1204 memoria

102 1210 155 1247 est
175 1212 296 1257 nulla,
330 1212 428 1247 illius
449 1222 567 1248 autem
586 1223 712 1258 magna
729 1213 841 1249 fama:
870 1224 916 1249 ex
937 1224 1010 1255 quo
1031 1223 1095 1248 co-

102 1256 278 1302 gnomine
309 1256 434 1293 Bonus
456 1256 507 1293 cst
527 1257 742 1300 appellatus.
792 1257 879 1293 Fuit
899 1258 994 1293 enim
1014 1267 1096 1301 per-

101 1310 219 1344 petuo
237 1312 397 1346 pauper,
411 1313 518 1345 quum
537 1301 759 1338 divitissinms
772 1303 842 1339 effe
853 1302 972 1346 posset
983 1312 1097 1345 prop-

104 1354 158 1383 ter
185 1345 398 1389 frequentes
427 1345 569 1381 delatos
589 1346 752 1381 honores
774 1372 786 1391 ‚
821 1345 1094 1390 potestatesque

101 1388 274 1435 summas,
301 1401 378 1432 quae
397 1390 431 1426 ei
453 1402 472 1426 a
491 1390 635 1434 populo
656 1389 843 1426 dabantur.
890 1389 965 1425 Hic
985 1400 1096 1433 quum

101 1444 124 1469 a
140 1432 247 1480 Rege
275 1433 450 1478 Philippo
486 1445 631 1470 munera
649 1445 782 1481 magnae
801 1435 968 1478 pecuniae
987 1446 1095 1478 repu-

102 1477 240 1523 diaret,
261 1479 444 1524 legatique
464 1480 696 1515 hortarentur
715 1479 904 1524 accipere,
918 1478 1094 1523 fimulque

101 1522 402 1568 adm0ne1·eut‚fi
424 1523 501 1567 ipsc
522 1523 576 1559 his
597 1523 705 1559 facile
726 1533 885 1566 careret,
899 1523 1024 1559 liberis
1045 1532 1095 1559 ta-

101 1578 185 1602 men
215 1566 288 1603 suis
317 1568 546 1612 prospiceret
566 1595 577 1614 ‚
615 1569 742 1611 quibus
771 1568 918 1604 difficile
949 1568 1036 1604 effer.
1055 1568 1093 1603 in

100 1611 232 1647 summa
269 1622 484 1655 paupertate
515 1622 645 1648 tantam
674 1622 858 1655 paternam
885 1613 982 1648 tueri
1012 1612 1094 1657 gio-

99 1656 206 1691 riam:
240 1657 295 1692 his
314 1657 404 1692 ille:
439 1656 463 1691 fi
484 1657 558 1692 mei
578 1656 710 1692 similes
730 1667 856 1702 crunt,
893 1657 990 1692 idem
1007 1657 1091 1701 hic,

99 1700 241 1745 inquit,
268 1701 406 1746 agellus
426 1701 513 1736 illos
531 1702 625 1745 alet,
646 1702 706 1743 qui
726 1712 781 1736 me
803 1701 846 1736 ud
865 1702 953 1736 hanc
974 1700 1094 1746 digni-

100 1753 206 1780 tatem
236 1744 431 1788 perduxit:
460 1744 508 1780 fin
529 1745 709 1780 diffimiles
730 1745 812 1781 sunt
829 1745 964 1790 futuri,
997 1746 1094 1782 nolo

100 1788 188 1825 meis
210 1788 367 1833 inpensis
388 1790 532 1869 illorgm
551 1789 598 1825 ali
620 1789 812 1870 auffierique
834 1790 1026 1826 luxuriam.

529 1846 554 1870 A
580 1845 613 1870 P.
705 1860 715 1870 .

99 1876 272 1948 Eidem
309 1889 415 1922 quum
451 1890 568 1922 prope
598 1877 642 1914 ad
668 1890 800 1915 annum
830 1878 1089 1925 oc‘togefimum

176 1924 349 1968 prospera
369 1923 589 1968 pervenisset
608 1924 778 1969 fortuna,
804 1925 976 1960 extremis
997 1934 1088 1960 tem-

99 1969 249 2013 poribus
293 1979 459 2013 magnum
503 1967 539 2004 in
579 1967 703 2004 odium
742 1969 916 2012 pervenit
946 1968 1090 2004 suorum

99 2011 247 2052 civium.
295 2011 419 2049 Primo
440 2012 539 2056 quod
560 2021 638 2047 cum
659 2012 824 2048 Demade
845 2012 891 2048 de
912 2013 999 2048 urbe
1019 2022 1088 2047 tra-

98 2056 218 2095 denda
244 2053 442 2104 Antipatro
470 2056 719 2097 consenserat:
755 2058 907 2105 ejusque
927 2054 1085 2140 consssieo

1071 2113 1087 2129 ς
