1170 2248
254 33 832 75 XVI.P1‹:1.01³1n1s.
994 43 1037 83 73

56 79 203 116 canibus
223 80 395 117 venaticis
415 81 606 127 exierunt,
642 83 732 118 retia
751 83 936 129 ferentes,
971 94 1037 120 ve-

53 123 140 160 stitu
165 122 293 170 agresti
312 150 325 170 ‚
370 136 443 169 quo
473 126 613 161 minore
643 126 848 171 suspicione
875 128 1037 164 facerent

51 163 134 204 iter.
183 168 241 211 qui
262 180 369 212 quum
389 179 555 213 tempore
574 170 678 216 ipso,
714 183 787 215 quo
806 170 1035 217 studuerant,

49 212 321 259 pervenissent,
357 214 502 249 domum
530 214 705 251 Charonis
736 215 983 263 devenerunt,
1018 227 1038 254 a

48 266 122 300 quo
143 253 180 292 &
201 266 340 303 tempus
362 256 398 294 δε
414 258 498 337 ἓίεε
519 259 732 339 emtffIitus.

32 315 41 319 “
469 315 494 338 Λ
520 314 554 338 P·
661 329 671 340 ι

47 342 185 414 Hoc
215 346 304 383 loco
332 346 424 382 libet
451 347 709 395 interponere,
745 348 808 385 etsi
837 348 1036 395 sejunelum

140 391 180 424 ab
200 401 237 425 re
256 390 371 435 posita
391 390 464 435 est,
501 392 611 428 nimia
629 393 761 429 fiducia
787 405 924 438 quantae
943 395 1036 430 cala-

45 434 160 469 mitati
182 434 295 470 soleat
315 436 400 471 effe.
444 435 538 472 Nam
559 437 819 483 magistmtuum
839 438 1035 474 Thebano-

45 488 122 513 rum
144 476 257 513 statim
277 479 320 513 ad
337 491 437 515 aures
455 482 646 526 pervenit,
683 482 826 519 exsules
850 483 886 518 in
908 484 1036 519 urbem

46 516 240 558 deveniss‘e.
268 523 310 558 Id
329 523 408 570 illi,
436 526 522 561 vino
544 526 734 569 epulisque
755 526 894 572 dediti,
920 528 1034 570 usque

45 576 91 601 eo
122 566 391 613 despexerunt,
427 578 467 604 ut
486 581 530 604 ne
551 581 706 613 quaerere
728 570 871 613 quidem
891 571 936 607 de
958 582 1033 607 tan-

45 618 81 645 ta
99 622 137 645 re
156 611 360 647 laborarint.
387 612 543 648 Accessit
562 614 666 648 etiam
678 640 690 659 ‚
704 614 802 657 quod
821 616 928 660 magis
948 626 1033 658 ape-

43 654 130 690 riret
150 666 273 690 corum
295 656 527 692 dementiam.
554 656 686 693 Adlata
705 657 756 693 est
779 659 873 693 enim
894 659 1030 702 episto-

43 696 80 733 Ia
116 697 269 734 Athenis
305 700 347 734 ab
382 699 518 735 Archia
544 701 783 745 hierophante
803 728 815 747 ‚
851 702 995 738 Archiae
1015 730 1029 749 ‚

44 742 106 785 qui
135 751 210 777 tum
236 743 426 779 maximum
453 744 690 790 magistmtum
718 746 854 782 Thebis
886 748 1031 783 obtine-

41 786 121 821 bat:
157 786 193 821 in
216 799 283 830 qua
301 789 421 824 omnia
440 788 485 825 de
505 790 741 833 profestione
763 791 928 826 exsulum
949 803 1032 836 per-

40 828 171 875 scripta
190 841 301 867 erant.
329 844 406 876 quae
428 844 533 876 quum
551 835 619 878 jam
639 835 827 871 accubanti
847 836 882 870 in
903 837 1030 872 convi-

41 874 103 910 vio
126 874 213 910 esset
231 875 334 921 data,
367 876 457 912 fient
477 889 553 913 erat
572 878 723 925 fignata,
758 878 822 915 sub
841 881 1031 923 pulvinum

39 917 259 964 subjiciens-¹,
291 926 326 955 in
343 925 537 967 crastim!m‚
574 923 713 969 inquit,
749 928 860 967 diffbro
879 940 929 959 res
940 930 1030 968 sbve-

40 977 112 998 ras.
141 962 192 998 At
211 964 268 999 illi
289 976 414 1000 omnes
428 991 439 1010 ,
473 978 581 1009 quum
598 968 665 1012 jain
685 980 764 1004 nox
784 969 1027 1014 procelliffet,

43 1007 229 1042 vinolenti
247 1009 289 1043 ab
311 1009 495 1045 exsulibus
516 1011 607 1046 duce
628 1012 804 1055 Pelopida
822 1012 1028 1049 suntintcr-

39 1050 140 1086 fecii.
169 1052 310 1101 Quibus
330 1055 435 1089 rebus
455 1055 659 1100 mustelis,
680 1059 792 1101 vulgo
813 1056 856 1091 ad
874 1067 964 1093 arina
985 1058 1029 1093 li-

40 1095 289 1139 bertatemque
317 1108 471 1143 vocato,
507 1111 581 1135 non
612 1100 725 1136 solum
746 1100 806 1143 qui
825 1101 862 1136 in
882 1102 970 1137 urbe
990 1112 1028 1137 e·

41 1149 141 1183 rant,
169 1140 232 1175 sed
252 1141 356 1177 ctiam
376 1143 536 1187 undique
559 1155 606 1180 ex
626 1144 716 1191 agris
737 1155 1025 1191 concurrerunt,

41 1184 241 1228 praesidium
260 1185 621 1223 Lacedaemoniorum
643 1201 689 1224 ex
700 1200 778 1224 arce
790 1190 1026 1235 pepulerunt,

40 1230 189 1272 patriam
219 1229 409 1267 obfidione
436 1233 682 1268 liberaverunt
701 1259 712 1277 ‚
749 1236 912 1270 auc‘tores
932 1234 1027 1269 Cad-

38 1275 377 1323 meaepccupandae
403 1277 531 1320 partim
558 1278 775 1314 occiderunt
793 1303 806 1323 ,
839 1278 1027 1323 partimin

39 1316 204 1353 exsilium
225 1320 424 1364 ejecerunt.

404 1364 435 1400 C
460 1378 484 1401 A
510 1377 544 1402 Ρ.
595 1366 660 1402 IV.

38 1404 119 1477 H
131 1417 177 1443 oc
205 1417 272 1444 tam
290 1409 438 1446 turbido
456 1420 644 1456 tempore,
670 1410 760 1448 ficut
778 1411 881 1457 supra
899 1411 1027 1449 docui-

47 1492 50 1493 7
130 1464 205 1487 mus
217 1478 229 1497 ,
264 1454 554 1501 Epaminondas,
581 1457 699 1499 quoad
717 1468 797 1492 cum
815 1458 956 1493 civibus
975 1458 1031 1492 di—

36 1496 204 1532 micatum
224 1496 296 1543 est,
323 1498 423 1534 domi
443 1500 587 1542 quietus
608 1501 692 1537 fuit.
745 1502 868 1545 Itaque
889 1503 965 1536 haec
984 1503 1027 1536 li-

37 1539 269 1576 berandamm
303 1541 509 1579 Thebarum
537 1545 685 1588 propria
712 1546 786 1581 laus
808 1545 858 1580 est
876 1545 1025 1589 Pelopi-

38 1581 113 1619 dae:
149 1595 278 1620 ceterae
303 1586 381 1622 fere
409 1599 533 1623 omnes
555 1600 762 1625 communes
781 1600 861 1624 cum
881 1590 1025 1633 Epami-

37 1628 172 1668 nonda.
209 1628 373 1674 Namque
394 1631 431 1666 in
452 1631 640 1668 Leuc‘lrica
659 1645 801 1679 pugna,
828 1634 1024 1677 imperato-

35 1682 75 1707 re
106 1671 358 1716 Epaminonda
377 1701 389 1720 ‚
423 1676 482 1711 hic
507 1677 578 1711 fuit
606 1677 681 1713 dux
709 1679 858 1713 delec‘lae
876 1689 1023 1723 manus,

36 1718 246 1761 quae-prima
263 1720 470 1765 phalangem
489 1720 681 1764 prostravit
700 1722 899 1758 Laconum.
937 1722 1027 1758 Om-

35 1760 141 1795 nibus
168 1772 341 1804 praeterea
369 1765 541 1807 periculis
570 1766 699 1802 adi'uit.
750 1767 849 1802 Sicut
866 1767 1025 1810 Spartam

38 1814 146 1846 quum
165 1809 413 1855 oppugnavit,
447 1809 597 1844 alterum
618 1811 737 1846 tenuit
757 1822 871 1845 cornu
889 1823 898 1844 ε
932 1820 1024 1859 quo·

37 1858 107 1890 que
134 1849 294 1884 Mene—na
320 1851 477 1887 celerius
505 1852 756 1889 restitueretur
773 1879 786 1898 ‚
819 1856 956 1897 legatus
983 1864 1023 1888 m

37 1890 157 1931 Persas
177 1891 229 1928 est
249 1894 449 1944 profee'tus.
477 1895 645 1939 Denique
656 1898 731 1932 haec
743 1897 812 1932 fuit
821 1898 930 1932 altera
940 1907 1023 1940 per-

34 1935 125 1972 sona
145 1936 279 1972 Thelns
291 1963 304 1982 ‚
339 1937 403 1973 sed
421 1948 539 1978 tamen
558 1940 736 1989 secunda,
771 1941 820 1978 ita
838 1951 879 1978 ut
895 1940 1022 1986 proxi-

32 1989 90 2020 ma
110 1979 195 2019 ess'et
214 1981 488 2028 Epaminondae.
879 2026 910 2070 c
933 2039 958 2069 A
984 2037 1005 2067 Β

44 2043 53 2064 Ξ
1008 2050 1019 2068 ο
