1170 2248
130 83 196 118 114
357 67 617 106 Conuzzn
639 63 868 102 Nnrorxs
1125 87 1127 90 s

126 121 286 162 ciarum,
313 125 390 158 quae
410 114 457 150 iis
476 113 578 150 necis
598 110 711 146 caussa
729 110 820 146 datae
849 118 953 145 erant
979 119 999 144 a
1025 117 1116 144 con·

126 163 265 198 sulibus
277 187 290 206 ,
315 159 513 203 desperatis
531 157 662 199 rebus,
675 155 711 189 in
731 154 881 191 exilium
900 152 1116 198 proficisce-

128 215 268 243 rentur.
295 204 467 248 Atticus,
494 202 556 246 qui
576 199 768 245 pecuniam
787 197 891 234 simul
909 209 989 233 cum
1009 206 1119 231 cete-

127 250 177 287 ris
196 249 368 286 conferre
389 249 557 284 noluerat
575 242 726 280 florenti
746 243 804 278 illi
831 243 946 286 parti,
972 242 1117 285 abjecto

128 295 245 331 Bruto
266 294 442 336 Italiaque
462 290 611 326 cedenti
631 288 730 324 LLS.
745 297 891 322 centum
908 286 1022 322 millia
1039 297 1118 319 mu·

129 340 212 375 neri
230 338 337 374 misst.
387 336 507 372 eidem
527 335 564 370 in
585 334 701 377 Epiro
722 331 848 368 absens
869 339 1028 366 trecenta
1045 329 1118 374 jus-

128 383 173 420 fit
200 383 296 418 dari:
323 393 441 425 neque
471 392 518 416 eo
553 379 663 424 magis
692 376 840 421 potenti
877 374 1040 410 adulatus
1067 371 1119 410 est

128 427 325 473 Antonio,
352 437 471 471 neque
483 419 889 504 c{lesperatolsqreliquit.

540 479 624 505 ΛῙΡ.
703 490 717 500 ⁴
742 491 751 501 .

131 518 334 586 Secutum
354 514 405 552 est
422 515 561 550 bellum
579 510 715 559 gestum
731 508 827 554 apud
845 509 1039 544 Mutinam.
1065 507 1109 545 In

190 574 263 606 quo
288 561 313 597 fi
339 571 474 596 tantum
495 569 576 599 etun
595 555 812 601 prudentem
830 553 969 598 dicam,
982 553 1118 596 minus,

130 618 235 652 quam
255 606 426 650 debeam,
453 601 672 648 praedicem,
699 611 809 643 quum
828 598 893 633 ille
914 597 1038 642 potius
1064 597 1120 632 di-

130 652 238 687 vinus
257 650 393 685 fuerit:
418 648 442 684 fi
464 646 643 682 divinatio
674 642 889 688 appellanda
908 641 959 677 est
987 651 1121 685 perpe-

131 705 193 731 tua
219 694 390 730 naturalis
408 692 577 735 bonitas,
604 700 681 733 quae
700 689 811 722 nullis
839 685 972 721 casibus
1000 696 1120 728 neque
1169 706 1170 722 ἢ

131 740 251 786 agitur
299 749 416 781 neque
436 735 621 771 minuitur.
672 731 798 767 Hostis
819 729 1005 765 Antonius
1022 728 1120 773 judi-
1169 727 1170 732 ’

132 794 232 820 catus
252 765 357 818 I⁷talia
375 781 546 823 cesserat,
570 778 651 822 spes
671 775 887 812 restituendi
908 775 1006 810 nulla
1032 782 1119 809 erat.

132 828 225 865 Non
244 827 361 863 solum
381 827 458 870 ejus
478 823 642 866 inimici,
669 821 730 864 qui
757 830 832 855 tum
859 829 962 854 erant
987 827 1122 861 poten-

131 873 253 908 tiffimi
272 869 309 907 δε
328 869 495 914 plurimi,
521 867 584 902 sed
602 867 709 901 etiam
728 865 789 908 qui
807 862 1017 898 adversariis
1044 862 1123 905 eJ‘us

132 917 170 953 se
191 917 342 960 dabant,
369 912 406 950 δε
428 914 465 948 in
486 924 532 948 eo
559 909 728 946 laedendo
755 907 791 943 se
816 907 967 950 aliquam
994 905 1124 942 conse-

136 971 288 997 cuturos
330 959 517 1002 sperabant
550 953 925 995 commendationem,
962 949 1122 986 Antonii

132 1006 326 1042 familiares
351 1002 652 1045 insequebantur3
675 1008 828 1033 uxorem
857 995 1019 1031 Fulviam
1047 1006 1124 1030 om·
1169 1019 1170 1022 η

136 1052 243 1086 nibus
271 1049 379 1084 rebus
407 1047 564 1091 spoliare
593 1043 817 1086 cupiebant,
851 1041 988 1076 liberos
1016 1039 1124 1075 etiam

136 1094 365 1140 exstinguere
394 1091 574 1135 parabant.
623 1087 769 1123 Atticus
800 1097 906 1129 quum
927 1083 1124 1119 Ciceronis
1169 1117 1170 1120 ,

137 1140 263 1175 intima
288 1137 532 1172 familiaritate
559 1142 726 1168 uteretur
745 1157 756 1175 ,
790 1129 1010 1166 amicissimus
1038 1127 1126 1163 esset

136 1184 254 1220 Bruto
267 1195 276 1217 ε
289 1194 363 1218 non
383 1179 496 1216 modo
516 1178 611 1214 nihil
630 1178 674 1212 iis
695 1174 843 1210 indulfit
862 1173 906 1208 ad
917 1173 1123 1208 Antonium

136 1227 373 1272 violandum,
399 1224 464 1260 sed
493 1235 512 1258 e
538 1221 725 1258 contrario
752 1219 946 1255 familiares
973 1218 1049 1261 ejus
1075 1226 1126 1252 ex

137 1274 228 1308 urbe
249 1270 528 1315 profugientes,
555 1276 724 1310 quantum
744 1263 888 1307 potuit,
909 1262 1023 1297 texit:
1047 1260 1128 1304 qui·

137 1319 204 1352 bus
232 1317 338 1351 rebus
369 1313 628 1358 indiguerunt,
663 1309 811 1352 adjuvit.
861 1307 901 1342 P.
930 1317 1020 1341 vero
1046 1305 1125 1339 Vo-

137 1361 282 1398 lumnio
314 1370 355 1394 ea
378 1357 528 1400 tribuit,
556 1365 596 1389 ut
615 1354 717 1397 plura
734 1365 752 1386 a
771 1361 920 1395 parente
940 1348 1125 1393 proficisci

139 1417 215 1442 non
234 1403 436 1448 potuerint.
487 1398 556 1444 lpfi
582 1408 699 1433 autem
727 1396 889 1438 Fulviae,
917 1405 1023 1436 quum
1051 1393 1128 1427 liti-

138 1451 205 1486 bus
235 1447 486 1488 distineretur,
521 1443 727 1488 magnisque
754 1439 952 1475 terroribus
979 1447 1129 1471 vexare—

141 1504 222 1538 tur,
248 1502 349 1528 tanta
367 1488 557 1535 diligentia
575 1487 731 1522 officium
750 1484 848 1519 suum
876 1480 1061 1526 praestitit,
1087 1490 1130 1515 ut

143 1539 282 1574 nullum
303 1537 366 1571 illa
384 1534 513 1569 stiterit
533 1530 777 1567 vadimonium
797 1527 870 1562 fine
890 1525 1042 1569 Attico,
1067 1524 1129 1559 hic

142 1585 164 1618 s
161 1582 298 1627 ponsor
309 1580 468 1616 omnium
487 1588 604 1612 rerum
623 1574 751 1610 suerit.
765 1573 865 1622 Quin
878 1572 983 1606 etiam
995 1596 1006 1615 ,
1020 1580 1130 1611 quum

143 1629 211 1662 illa
228 1625 379 1660 fundum
405 1622 581 1668 (secunda
600 1619 775 1662 fortuna)
801 1616 938 1651 emisset
957 1616 994 1649 in
1015 1615 1127 1657 diem,

144 1681 263 1714 neque
285 1667 366 1713 post
386 1667 621 1702 calamitatem
640 1662 817 1697 versuram
838 1661 958 1694 facere
986 1658 1130 1702 potuis-

143 1715 223 1758 set,
250 1714 313 1748 ille
339 1713 373 1747 se
399 1708 645 1752 interposuit,
672 1705 935 1750 pecuniamque
961 1701 1037 1736 fine
1065 1702 1133 1736 foe-

146 1770 262 1802 nore,
289 1756 436 1797 fineque
456 1755 529 1788 ulla
548 1750 784 1795 stipulatione
804 1749 838 1782 ci
857 1745 1035 1782 credidit:
1060 1757 1133 1780 ma-

146 1804 284 1841 ximum
305 1799 508 1836 existimans
537 1794 727 1840 quaestum,
754 1802 950 1828 memorem
980 1800 1133 1836 gratum·

148 1859 218 1892 que
238 1842 614 1890 cognosci3fimulque
636 1837 845 1882 aperire,se
866 1847 942 1871 non
961 1835 1133 1878 fortunae,

145 1892 209 1928 sed
228 1890 435 1926 hominibus
466 1887 585 1922 solere
606 1884 675 1919 effe
695 1882 857 1917 amicum.
909 1879 999 1959 (ἓιιπ
1025 1889 1136 1922 quum

145 1936 326 1978 faciebat,
352 1944 459 1968 nemo
480 1941 560 1966 eum
579 1927 753 1971 temporis
781 1924 893 1961 caussa
934 1934 1036 1958 acere
1064 1934 1133 1964 po-

149 1990 244 2016 terat
272 1976 486 2014 existimare.
544 1973 695 2009 Nemini
723 1973 822 2006 enim
850 1970 887 2004 in
916 1968 1133 2012 opinionem

149 2024 341 2066 veniebat,
369 2020 574 2056 Antonium
593 2027 708 2052 rerum
728 2015 941 2058 potiturum.
967 2010 1036 2046 Sed
1055 2009 1134 2044 sen-

151 2068 214 2107 fim
231 2068 260 2105 is
280 2079 297 2103 a
318 2065 492 2104 nonnulis
520 2061 754 2109 optimatibus
783 2055 1147 2136 reprehendebatura-

1038 2109 1110 2145 quo
