1170 2248
270 31 290 69 Ι
306 29 358 70 X.
429 31 462 70 C
508 43 533 70 o
579 42 609 70 u
654 44 679 70 o
725 41 781 71 Ν.-

38 69 84 115 *dc
98 75 249 124 Lydiae,
263 77 489 122 eundemque
509 89 681 124 generum
702 79 797 125 regis
818 75 854 115 &
874 42 1028 126 propiiiz

29 133 149 169 ‘quum
161 135 170 158 ε
182 122 276 166 apud
295 133 400 165 quem
411 149 423 167 ,
436 132 475 157 ut
494 124 644 158 multum
655 125 767 166 gratia
775 125 924 170 valeret,
937 127 1029 163 mul-

42 176 84 202 to
103 168 226 202 labore
245 167 437 210 multisque
460 166 583 202 effecit
600 168 787 211 periculis.
813 168 907 208 Nam
917 181 1027 213 quum

41 209 311 248 Lacedaemonii
342 210 622 246 Atheniensibus
644 212 794 248 devietis
814 213 850 248 in
871 213 1026 250 societa-

40 263 79 290 te
107 266 181 290 non
211 265 399 290 manerent
417 281 429 300 ‚
464 267 566 298 quam
595 267 674 290 cum
704 255 906 293 Artaxerxe
925 259 1026 294 fece-.

41 307 142 343 rant,
155 298 429 344 Agesilaumque
451 300 623 334 bellatum
643 300 813 336 mifiss'ent
830 303 868 337 in
888 301 1023 347 Asiam,

39 344 192 378 maxime
220 343 358 386 impulsi
387 355 406 377 a
424 342 655 386 Tisshpherne
677 371 689 389 ‚
734 346 796 388 qui
816 357 863 381 ex
881 347 1025 383 intimis

38 387 136 431 regis
167 388 208 421 ab
228 388 383 422 amicitia
403 389 481 431 ejus
502 388 687 423 defecerat
705 415 718 433 ,
753 389 790 424 δε
811 401 889 425 cum
911 390 1024 426 Lace-

38 429 226 466 daemoniis
247 432 385 467 coierat
395 431 625 467 societatem:
638 435 733 468 hunc
744 433 908 469 adversus
919 435 1024 470 Phar-

37 476 191 510 nabazus
220 476 360 510 habitus
388 474 438 510 est
458 477 654 519 imperator
673 503 684 521 ‚
720 489 757 513 re
778 479 922 521 quidem
939 491 1024 515 vera

37 519 220 554 exercitui
250 520 394 562 praefuit
422 519 555 556 Conon
576 546 588 565 ‚
624 518 773 564 ejusque
793 524 913 558 omnia
930 524 1023 558 arbi-

35 564 113 598 trio
134 563 228 608 gesta
246 564 338 598 suut.
366 563 441 599 Hic
460 566 608 599 multum
629 565 757 600 ducem
776 566 946 602 summum
966 566 1021 603 A·

60 606 204 643 'efilaum
234 607 446 652 impedivit,
479 609 646 652 saepeque
672 611 751 653 ejus
771 610 934 646 confiliis
955 613 1022 647 ob-

68 651 138 685 itit.
166 663 283 694 neque
303 663 393 686 vero
414 663 489 686 non
507 653 579 686 fuit
597 663 758 696 apertum
771 679 782 698 ‚
810 653 835 689 fi
855 655 919 690 ille
940 667 1020 692 non

30 694 174 739 fuisset,
195 694 396 740 Agesilaum
417 695 534 731 Afiam
553 695 673 732 Tauro
694 707 799 733 tenus
819 699 897 744 regi
914 699 1020 736 fuiss'e

32 748 252 782 erepturum.
297 739 372 788 Qui
390 739 618 783 posteaquam
639 741 782 777 domum
801 755 820 777 a
838 743 908 778 suis
929 744 1020 779 civi-

31 782 98 817 bus
119 793 306 818 revocatus
327 782 400 828 est,
439 786 538 828 quod
558 785 693 821 Boeotii
714 783 750 822 &
772 787 1019 824 Athenienses

29 823 320 862 Lacedaemoniis
337 829 472 863 bellum
495 829 728 875 indixerant,
765 830 901 866 Conon
923 833 1018 867 nihi-

27 869 69 906 lo
96 871 211 905 secius
232 871 327 914 apud
345 873 536 915 praefeetos
554 875 651 917 regis
672 874 878 912 versabatur
892 900 907 922 ,
944 877 1018 914 his-

27 925 97 958 que
119 914 284 951 omnibus
303 917 458 954 maximo
477 928 551 953 erat
568 919 659 954 usui.

385 973 415 1010 C
439 986 464 1010 A
489 987 523 1011 P.
573 976 659 1013 ΙΙΙ.

28 1033 99 1104 'D
112 1035 268 1071 efecerat
287 1047 305 1071 a
323 1047 409 1082 rege
429 1037 684 1082 Tiss'aphernes
703 1065 714 1085 ‚
751 1051 869 1085 neque
888 1041 926 1077 id
945 1051 1015 1078 tam

109 1080 329 1126 Artaxerxi,
342 1093 443 1124 quam
462 1084 591 1118 ceteris
602 1109 614 1128 ‚
628 1094 703 1119 erat
714 1096 886 1128 apertum.
911 1087 1013 1121 Mul-

23 1123 72 1158 tis
102 1125 197 1159 enim
216 1126 422 1169 magnisque
442 1127 578 1168 metitis
597 1128 691 1171 apud
710 1140 830 1174 regem
855 1155 868 1175 ‚
903 1132 1012 1166 ctiam

24 1179 132 1210 quum
156 1169 191 1203 in
214 1169 339 1204 officio
360 1182 434 1205 non
454 1181 634 1216 maneret,
669 1172 819 1209 valebat.
877 1173 1010 1218 Neque

25 1211 65 1246 id
83 1212 303 1258 mirandum,
338 1212 362 1248 fi
382 1225 460 1250 non-
476 1216 582 1250 facile
602 1216 646 1251 ad
665 1217 884 1253 credendum
905 1219 1011 1254 indu—

20 1257 174 1291 cebatur
190 1283 202 1302 ‚
237 1257 472 1293 reminiscens
501 1261 578 1303 cJ'us
599 1260 635 1295 se
655 1272 766 1304 opem
786 1261 920 1308 Cyrum
940 1264 1009 1299 fra-

20 1308 116 1335 trem
134 1301 322 1344 superasse.
349 1301 472 1346 Hujus
493 1304 683 1340 accusandi
704 1306 814 1342 “latia
834 1305 970 1343 Conon
988 1320 1009 1344 a

18 1342 250 1380 Pharnabazo
271 1345 315 1380 ad
334 1357 456 1392 regem
475 1347 618 1393 missus,
638 1330 865 1394 posteaquam
887 1353 1005 1398 venit,

18 1389 172 1431 primum
205 1400 251 1424 ex
270 1401 372 1425 more
392 1391 572 1427 Persarum
592 1393 636 1427 ad
654 1393 922 1441 Chiliarchum‚
944 1399 1008 1440 qui

17 1431 215 1468 secundum
235 1435 379 1478 gradum
401 1436 546 1479 imperii
567 1439 735 1484 tenebat,
761 1438 1005 1478 Tithraustem

17 1477 179 1522 acceffit,
212 1495 236 1513 e(
250 1493 288 1512 ue
306 1478 465 1514 Ostendit
481 1495 552 1515 cum
572 1496 646 1527 rege
663 1489 751 1518 collos
764 1490 800 1519 ui
818 1490 909 1520 velle.
938 1497 1001 1522 ne-

17 1531 79 1556 mo
98 1523 195 1556 enim
216 1493 289 1557 sine
301 1524 372 1558 hoc
383 1523 594 1560 admittitur.
621 1525 720 1562 Huic
732 1499 797 1562 iile
808 1554 819 1572 ,
831 1535 937 1575 nulla,
949 1530 1004 1566 in-

19 1565 116 1611 quit,
143 1581 232 1601 mora
250 1569 311 1606 est:
329 1573 389 1611 fid
404 1581 442 1604 tu
459 1573 624 1616 delibera,
650 1585 761 1607 utrum
779 1578 914 1619 colloqui
931 1590 1003 1610 ma-

15 1613 80 1652 lis,
114 1621 228 1656 anper
245 1615 358 1646 literas
375 1627 496 1658 agere,
522 1628 592 1660 quoe
611 1622 754 1661 cogitas.-
777 1623 891 1662 neceffi
910 1623 950 1660 esi
969 1635 1000 1655 e-

15 1658 83 1687 nim
92 1677 105 1696 ,
111 1659 140 1696 fi
156 1661 190 1693 in
205 1658 398 1702 couffiee'tum
415 1664 559 1704 veneris,
571 1667 720 1701 venerari
737 1673 767 1696 te
776 1675 897 1707 regem.
916 1669 1007 1710 quod

14 1707 250 1763 προηυνίῗν
274 1720 326 1751 illa·
342 1730 468 1752 vocant.
510 1723 577 1754 Hoc
589 1724 619 1763 fi
635 1726 697 1755 tibi
710 1736 815 1768 grave
834 1727 877 1764 est
895 1750 907 1768 ‚
934 1735 1000 1770 pet·

13 1779 64 1798 me
80 1769 178 1800 nihilo
190 1771 294 1810 secius
311 1772 406 1803 editis
424 1775 587 1805 mandatis
602 1774 744 1813 conficies
754 1799 766 1815 .,
778 1778 866 1820 quod
875 1777 997 1814 studes.

11 1807 107 1843 Tum
128 1807 158 1843 C
161 1818 262 1845 Onon
275 1823 284 1845 2
296 1816 465 1847 Enimvero
476 1839 488 1858 ‚
499 1814 619 1856 inquit
627 1841 639 1859 ,
650 1830 710 1850 non
728 1820 769 1857 est
774 1831 878 1862 grave
889 1831 998 1862 quem-

11 1858 62 1888 vis
79 1857 226 1888 bonorem
243 1858 358 1890 hahere
377 1863 449 1901 regi
471 1873 480 1891 ε
514 1863 574 1900 fid
591 1873 701 1893 vereor
725 1875 762 1894 ne
779 1866 906 1895 civitati
923 1875 998 1896 meoe

6 1900 50 1940 fit:
67 1903 233 1943 opprobrio
244 1923 256 1942 .‚
276 1902 324 1941 fi,
350 1914 449 1944 quum
465 1915 503 1934 ex
525 1916 563 1935 ea
576 1906 636 1944 sim
648 1907 811 1947 projeetus
822 1929 834 1948 ,
859 1919 927 1950 qux
945 1920 995 1940 ce-

10 1946 90 1979 teris
113 1947 264 1987 gentihus
283 1948 440 1988 imperare
458 1950 650 1988 cordum-erit
668 1972 680 1989 ‚
707 1954 818 1992 potius
835 1953 995 1984 barbaro-

1 1996 84 2032 !Bm
134 2001 232 2032 quam
248 1991 338 2021 illins
348 2013 360 2032 ‚
385 2002 469 2022 more
481 1993 622 2039 fungar,
648 1991 774 2038 Itaque
791 1992 878 2030 huic
889 2019 901 2038 9
915 2004 994 2036 quae

7 2011 179 2080 nolebat,
204 2031 338 2080 lbi-ipta
355 2031 517 2074 n-adida't.
550 2065 566 2067 -
848 2080 879 2120 c

28 2105 29 2109 ,
902 2091 930 2121 Δ
953 2091 989 2121 ξ’.
