1170 2248
149 40 216 70 220
411 31 668 76 Cunnum:
691 34 922 80 Nero'rrs

149 78 184 114 la
204 77 301 113 enim
319 76 407 124 lex,
434 90 553 124 neque
571 93 665 129 pax,
690 96 808 130 neque
828 88 989 136 bellum,
1014 94 1135 136 neque

151 133 209 157 res
229 120 379 159 illustris
401 122 452 160 est
472 128 604 171 populi
622 127 806 177 Romani,
835 143 912 175 quae
931 146 1006 170 non
1028 137 1064 171 in
1087 148 1135 173 co

97 187 100 191 ι
149 166 217 202 suo
236 176 402 212 tempore
430 168 474 205 sit
493 180 638 208 notata:
666 171 726 220 ἃ,
752 178 853 219 quod
881 177 1136 218 difficillimum

148 210 245 257 fuit,
272 211 320 248 fic
345 213 559 251 familiarum
587 218 767 265 originem
792 221 1000 270 subtexuit,
1027 235 1067 261 ut
1085 236 1132 262 ex

149 266 198 291 eo
218 257 397 293 clarorum
415 258 576 296 virorum
603 264 825 315 propagines
852 269 1020 311 possimus
1048 281 1136 316 cog-

149 299 316 337 noscere.
369 302 477 338 Fecit
495 305 568 341 hoc
588 305 684 342 idem
710 311 901 352 separatim
925 313 961 348 in
985 315 1070 349 aliis
1091 316 1135 350 li-

130 344 244 389 §brisz
270 355 311 381 ut
327 347 384 382 M.
405 347 509 384 Bruti
527 360 654 395 rogatu
671 353 810 397 Juniam
828 355 999 393 familiam
1019 369 1037 393 a
1057 357 1135 395 stir-

148 400 198 432 pe
217 389 261 426 ad
281 391 371 427 hane
392 401 554 439 aetatem‚
568 396 699 432 ordine
719 401 962 447 enumeravit,
985 413 1133 448 notanS,

149 433 210 477 qui
230 445 248 470 a
265 446 338 479 quo
358 447 482 483 ortus,
504 450 597 482 quos
614 441 798 487 honores,
823 446 1024 489 quibusque
1044 457 1136 484 tem-

148 479 301 522 poribus
320 482 491 525 cepiss'et:
518 485 594 527 pari
625 486 736 522 modo
764 489 937 525 Marcelli
963 490 1133 538 Claudii,

146 524 438 571 Marcellorum,
456 527 640 572 Scipionis
660 530 854 580 Cornelii,
875 531 913 569 δε
933 534 1035 571 Fabii
1053 538 1135 572 illa-

147 567 261 611 ximi,
289 568 511 617 Fabiorum,
539 570 574 608 δε
594 574 830 612 AEmiliorum
859 590 1025 623 quoque:
1054 581 1132 625 qui·

146 612 214 648 bus
233 613 332 650 libris
351 616 443 652 nihil
459 616 582 661 potest
609 619 679 655 ess'e
708 619 855 658 dulcius
885 623 952 668 iis,
981 625 1043 668 qui
1071 626 1136 661 ali-

147 668 251 700 quam
271 660 508 702 cupiditatem
527 662 817 701 habentnotitiae
836 667 1015 704 clarorum
1035 670 1134 706 viro-

145 712 236 737 rum.
286 702 428 751 Attigit
454 717 601 749 quoque
627 710 826 752 poeticen:
859 713 1060 759 credimus,
1088 725 1134 751 ne

147 746 225 789 eius
247 756 379 791 expers
399 749 487 785 esset
512 751 707 789 suavitatis.
756 753 923 799 Namque
950 757 1132 804 vei-libus,

148 790 210 833 qui
228 791 371 828 honore
390 803 581 838 rerumque
602 796 776 842 gestarum
803 801 1043 844 amplitudine
1072 814 1135 838 ce-

147 843 249 870 teros
283 835 445 872 Romani
479 841 613 883 populi
640 841 903 889 praestiterunt,
938 846 1132 890 exposuit:

143 878 193 913 ita
205 905 216 923 ,
230 888 271 914 ut
288 879 351 915 sub
370 880 592 928 singulorum
612 884 830 931 imaginibus
848 888 938 925 sachi
957 890 1133 937 magistra-

145 931 275 965 tusque
297 935 424 960 eorum
444 938 520 962 non
547 930 698 972 amplius
729 934 911 974 quaternis
940 935 1133 979 quinisque

141 967 300 1004 versibus
321 968 567 1015 descripserit.
597 974 696 1017 quod
723 975 786 1011 vix
815 977 1037 1015 credendum
1063 980 1108 1016 fit

140 1020 254 1047 tantas
280 1023 335 1048 res
365 1023 433 1050 tam
460 1016 620 1053 breviter
643 1020 800 1061 potuisse
829 1020 1018 1059 declarari.
1068 1006 1133 1060 Eli

143 1056 253 1091 etiam
273 1058 368 1093 liber
387 1059 516 1096 Graece
536 1062 727 1099 confec‘tus
747 1090 759 1110 ,
791 1064 836 1101 de
858 1068 1050 1116 consulatu
1069 1069 1132 1105 Ci-

142 1102 305 1137 ceronis.
349 1101 540 1142 Haetenus
558 1104 689 1146 Attico
708 1110 795 1146 vivo
817 1109 916 1149 edita
933 1112 1009 1149 hoec
1027 1125 1046 1150 a
1063 1125 1131 1152 no-

138 1144 194 1182 bis
220 1145 315 1182 sunt.

482 1193 514 1230 C
538 1207 562 1231 A
589 1207 624 1232 P.
675 1196 797 1234 XIX.

224 1246 297 1271 unc
317 1239 488 1280 quoniam
506 1240 653 1277 fortuna
671 1254 739 1279 nos
759 1243 972 1289 superstites
1002 1249 1037 1284 ci
1058 1249 1129 1286 ess'e

238 1281 382 1327 voluit,
407 1284 548 1328 reliqua
563 1286 843 1329 persequemur:
870 1288 932 1336 δε,
961 1303 1130 1336 quantum

138 1325 366 1371 poterimus,
381 1338 499 1363 rerum
520 1331 698 1373 exemplis
718 1331 877 1370 leeiores
897 1335 1127 1384 docebimus,

139 1366 232 1404 ficut
257 1369 361 1413 supra
388 1370 662 1416 significavimus
683 1400 695 1419 ‚
730 1375 814 1412 suos
848 1380 980 1422 cuique
1009 1394 1129 1419 mores

140 1413 360 1457 plerumque
393 1417 595 1453 conciliare
629 1418 824 1457 fortunam.
875 1422 1042 1468 Namque
1067 1428 1129 1462 hic

139 1467 340 1494 contentus
369 1459 500 1496 ordine
529 1461 706 1509 equestri,
735 1477 807 1508 quo
838 1478 912 1502 erat
938 1479 1061 1514 ortus,
1088 1472 1127 1507 in

139 1500 350 1538 affinitatem
371 1506 544 1547 pervenit
564 1507 792 1551 imperatoris
814 1510 889 1546 divi
903 1513 1024 1560 [Julii]
1044 1516 1126 1552 filii:

139 1557 247 1590 quum
265 1548 334 1590 iam
353 1558 435 1584 ante
446 1550 724 1588 familiaritatem
745 1555 821 1598 ejus
841 1556 930 1593 esset
950 1559 1128 1596 consecu-

140 1599 196 1626 tus
217 1592 317 1628 nulla
336 1593 404 1628 alia
423 1604 486 1646 re,
512 1606 613 1637 quam
631 1598 813 1643 elegantia
840 1600 946 1648 vitae,
974 1615 1041 1647 qua
1067 1615 1128 1641 ce-

138 1642 238 1670 teros
259 1646 408 1678 ceperat
425 1640 552 1682 princiv
577 1651 614 1675 es
634 1641 817 1688 civitatis,
830 1644 1012 1690 dignitate
1030 1650 1124 1695 pari,

137 1678 287 1714 fortuna
304 1682 515 1718 humiliore.
587 1694 668 1720 anta
688 1687 782 1721 enim
804 1690 1026 1734 prosperitas
1046 1692 1125 1729 Cae-

138 1722 251 1758 sarem
272 1734 354 1759 eum
375 1724 425 1760 est
445 1727 662 1774 consecuta,
676 1740 715 1765 ut
727 1732 819 1767 nihil
838 1734 872 1768 ei
893 1745 968 1771 non
989 1737 1126 1773 tribue·
1154 1752 1164 1783 υ,

136 1767 186 1802 rit
212 1767 381 1813 fortuna,
409 1771 509 1813 quod
536 1772 700 1816 cuiquam
729 1785 812 1812 ante
846 1777 1051 1827 detulerit-3
1085 1780 1125 1819 &

139 1812 371 1859 conciliarit,
408 1814 507 1858 quod
535 1827 643 1853 nemo
669 1818 783 1855 adbuc
815 1823 907 1857 civis
934 1823 1124 1864 Romanus

141 1856 259 1900 quivit
277 1859 464 1903 consequi.
513 1859 610 1897 Nata
627 1873 746 1900 autem
766 1863 817 1900 est
837 1865 968 1905 Attico
998 1872 1124 1914 neptis

138 1912 189 1937 ex
201 1899 366 1954 Agrippa
377 1930 388 1948 ,
401 1904 460 1939 cui
471 1904 648 1985 vii-{finem
669 1907 777 1944 filiam
789 1913 1002 1950 collocarat.
1014 1915 1121 1952 Hanc
1159 1924 1162 1926 ’

142 1944 283 1991 Caesar,
310 1958 374 1983 vix
392 1949 527 1985 annicu
544 1962 620 1997 am,
646 1951 800 1991 Tiberio
820 1954 977 1994 Claudio
996 1957 1120 1995 Nero—

139 1989 202 2038 ni,
215 1989 372 2032 Dmfiua
391 2002 499 2043 nato,
511 1996 686 2046 privigno
705 1998 770 2039 suo
787 2026 802 2049 2
813 2000 1010 2050 despondit
1021 2014 1120 2086 :31²ae
1160 2038 1166 2043 ⁴

1132 2128 1168 2248 zi
