1170 2248
332 35 382 71 X.
453 33 491 70 D
537 43 555 69 1
601 43 626 69 o
671 43 714 69 N.
788 47 793 53 ·
958 43 1006 79 49

25 85 157 128 huus,
191 81 253 125 qui
269 79 436 116 Sardibus
454 87 626 123 praeerat,
661 78 855 117 Cononem
874 87 1004 114 evoca-

25 129 77 162 vit
95 154 108 172 ‚
148 125 311 161 fimulans
339 124 383 158 ad
407 135 528 169 regem
556 134 638 158 eum
656 122 692 158 se
712 123 854 159 mittere
871 123 970 158 velle
989 149 1005 170 ,

23 181 148 216 magna
165 170 210 205 de
228 179 282 204 re.
317 167 436 212 Hujus
458 168 589 202 nuntio
609 178 737 210 parens
756 178 863 210 quum
874 167 1003 217 ‘venil-

21 215 99 260 set,
127 215 163 248 in
182 213 326 248 vincula
343 214 529 256 conieetus
548 210 668 246 estzin
687 212 815 254 quibus
836 212 1001 255 aliquan·

23 259 86 294 diu
103 259 184 292 fuit.
209 256 396 292 Nonnulli
414 271 485 291 eum
502 261 550 290 ad
563 271 668 300 regem
687 261 863 292 abduc'tum
896 261 1008 306 ibique

45 308 149 347 eriiffb
175 301 346 345 scriptum
373 301 610 343 reliquerunt.
659 300 796 336 Contra
813 311 855 335 ea
910 311 1004 336 mon

51 341 243 390 istor-icus,
270 346 329 380 cui
349 356 417 380 nos
438 345 633 388 plurimum
653 343 698 380 de
718 343 868 379 Persicis
895 345 1004 380 rebus

23 384 224 434 credimus,
250 393 414 434 effugssk,
439 387 714 432 scripsitztillud
732 388 942 435 addubitat,
960 401 1001 425 u-

18 446 106 471 trum
124 439 276 470 Tiribazo
286 438 425 480 fi-iente,
450 447 494 469 cm
509 437 707 480 imprudente
718 437 762 477 fit
772 437 914 476 facium·

179 529 851 593 X.DION.

401 653 542 692 CAP.
590 655 622 692 Ι.

22 745 218 818 DION
239 741 572 780 HIPPARINI
597 743 639 780 F.
663 742 1004 783 SYRACUSA-

105 791 243 835 NUS,
269 790 388 825 nobili
408 800 542 835 genere
561 798 686 834 natus,
711 800 861 834 utraque
882 791 1005 835 impli-

23 845 122 871 catus
153 833 340 880 tyrannide
358 832 633 879 Dionysiorum.
679 833 846 878 Namque
865 836 928 871 ille
948 836 1004 870 su-

23 881 154 924 perior
170 877 444 913 Aristomachen
463 903 475 922 ‚
509 877 668 913 sororem
687 877 844 924 Dionis,
878 880 1006 915 habuit

24 926 63 958 in
82 923 331 958 matrimonio:
351 933 398 956 ex
417 933 487 964 qua
504 921 596 957 duos
615 921 736 968 filios,
757 923 1004 966 Hipparinum

24 965 63 1002 &
82 967 271 1011 Nvsaeum,
305 966 528 1010 procreavit3
552 966 777 1010 totidemque
798 967 910 1012 filias,
937 979 1005 1003 no-

23 1007 133 1046 mine*
149 1010 404 1055 Sophrosynen
425 1007 462 1045 &
482 1009 634 1045 Areten.
683 1022 826 1053 quarum
844 1013 1006 1054 priorem

24 1053 208 1091 Dionvfio
227 1053 307 1089 filio
327 1053 444 1089 eidem
456 1079 467 1099 ,
479 1054 540 1088 cui
556 1065 706 1100 regnum
724 1056 897 1100 reliquit,
912 1067 1004 1100 nup-

25 1109 101 1134 tum
121 1098 245 1141 dedit3
269 1099 436 1143 alteram,
461 1097 623 1143 Areten,
651 1098 786 1135 Dioni.
819 1099 923 1135 Dion
943 1111 1004 1135 au-

23 1153 96 1178 tem
124 1152 254 1186 praeter
278 1143 440 1177 nobilem
467 1142 775 1186 propinquitatem
794 1169 807 1189 ,
850 1155 1004 1190 genero-

22 1187 165 1230 smnque
184 1187 355 1230 maJ'orum
374 1187 519 1230 famam,
531 1187 641 1222 multa
658 1188 726 1222 alia
744 1188 786 1222 ab
806 1198 928 1224 natura
943 1190 1005 1223 ha-

23 1232 104 1267 buit
122 1232 230 1266 bona.
281 1231 319 1265 in
337 1230 391 1265 his
410 1230 596 1276 ingenium
614 1230 739 1266 docile
751 1258 763 1276 ‚
789 1243 916 1278 come,
943 1245 1004 1276 ap—

25 1284 100 1310 tum
117 1275 160 1310 ad
179 1283 272 1310 artes
292 1275 466 1317 optimas:
486 1286 643 1320 magnam
663 1277 829 1318 corporis
849 1277 1004 1322 dignita-

26 1328 119 1363 tem,
147 1329 224 1361 quae
244 1329 319 1353 non
339 1318 523 1354 minimum
543 1320 834 1356 commendam-2
860 1333 1002 1367 magnas

24 1373 198 1406 praeterea
217 1361 361 1397 divitias
381 1374 399 1397 a
417 1372 516 1406 patre
536 1364 679 1399 relietas
698 1390 710 1409 ‚
746 1376 830 1408 quas
850 1366 926 1409 ipse
946 1376 960 1400 t
976 1378 1003 1394 ·-

22 1407 125 1442 muni
145 1407 350 1442 muneribus
371 1417 528 1443 auxerat.
547 1407 633 1444 Elat
650 1409 795 1445 intimus
814 1407 943 1458 Diony
959 1422 1001 1446 10

25 1451 165 1495 priori,
199 1461 316 1492 neque
336 1451 452 1486 minus
472 1461 625 1494 propter
641 1463 783 1499 mores,
809 1465 911 1497 quam
930 1455 1002 1489 affi-

23 1496 187 1530 nitatem.
213 1493 378 1538 Namque
399 1495 463 1530 etfi
481 1495 652 1537 Dionvfii
669 1497 863 1533 crudelitas
884 1499 1002 1534 eidis-

22 1539 204 1584 plicebat,
231 1548 346 1574 tamen
366 1540 497 1575 salvum
516 1541 622 1586 [effe]
643 1551 796 1585 propter
812 1543 1003 1578 neccssitu-

22 1582 145 1618 dinem
156 1610 168 1628 ‚
182 1583 291 1628 magis
311 1584 418 1619 etiam
437 1583 579 1621 suorum
591 1586 721 1631 caussa,
734 1585 908 1622 studebat.
922 1586 1002 1622 Ad-

18 1636 96 1662 erat
124 1628 161 1662 in
181 1627 318 1672 magnis
337 1628 465 1664 rebus:
499 1629 647 1672 ejusque
676 1630 832 1666 consilio
850 1633 1006 1667 multum

23 1673 236 1706 movebatur
253 1681 448 1718 tyrannus,
476 1673 539 1708 nisi
561 1685 626 1717 qua
645 1675 681 1709 in
702 1685 739 1710 re
759 1676 873 1719 major
892 1675 1002 1720 ipssus

18 1714 199 1758 cupiditas
218 1716 472 1753 intercesserat.
529 1717 752 1763 Legationes
772 1731 859 1755 vero
879 1747 891 1765 ,
928 1731 1005 1763 quae

24 1759 138 1794 essent
165 1758 378 1795 illustriores
397 1788 410 1812 9
446 1773 512 1805 per
529 1761 690 1798 Dionem
710 1763 1004 1799 administraban-

24 1813 102 1838 tur:
130 1814 213 1846 quas
233 1803 376 1846 quidem
394 1806 458 1841 llle
477 1805 677 1852 diligenter
694 1808 892 1853 obeundo,
914 1808 1007 1844 fide-

20 1847 110 1882 liter
128 1846 427 1893 administrando,
448 1849 720 1885 crudelifflmum
741 1863 873 1886 nomen
893 1866 1006 1897 tyran-

21 1897 56 1927 m'
75 1891 135 1926 sua
152 1891 366 1927 humanitate
383 1894 539 1937 tegebat.
566 1894 675 1929 Hunc
695 1907 714 1929 a
731 1894 910 1941 Dionysio
923 1897 1007 1931 mis-

23 1935 99 1970 sum
112 1961 124 1979 ‚
160 1935 459 1981 Karthaginenses
479 1937 740 1984 suspexerunt,
766 1948 805 1974 ut
825 1941 1006 1976 neminem

24 1989 180 2030 unquam
208 1980 333 2019 Graeca
357 1981 480 2029 lingua
498 1982 711 2028 loquentem
729 1984 837 2033 magis
855 1984 925 2022 sint
945 1985 1007 2020 ad-

25 2033 154 2063 mirati·

487 2069 526 2111 D
899 2073 1014 2111 Car.

1052 2110 1170 2248 [A
