<?xml version="1.0" encoding="UTF-8"?>
<!DOCTYPE html PUBLIC "-//W3C//DTD XHTML 1.0 Transitional//EN"
    "http://www.w3.org/TR/xhtml1/DTD/xhtml1-transitional.dtd">
<html xmlns="http://www.w3.org/1999/xhtml" xml:lang="en" lang="en">
 <head>
  <title>
</title>
<meta http-equiv="Content-Type" content="text/html;charset=utf-8" />
  <meta name='ocr-system' content='tesseract 3.04.00' />
  <meta name='ocr-capabilities' content='ocr_page ocr_carea ocr_par ocr_line ocrx_word'/>
</head>
<body>
  <div class='ocr_page' id='page_1' title='image "./corneliinepotisv00nepo_0118.png"; bbox 0 0 1170 2248; ppageno 0'>
   <div class='ocr_carea' id='block_1_1' title="bbox 91 48 1139 2060">
    <p class='ocr_par' dir='ltr' id='par_1_1' title="bbox 91 48 1128 1112">
     <span class='ocr_line' id='line_1_1' title="bbox 126 48 910 131; baseline -0.013 -36"><span class='ocrx_word' id='word_1_1' title='bbox 126 66 192 96; x_wconf 78' lang='lat'><strong>112</strong></span> <span class='ocrx_word' id='word_1_2' title='bbox 378 51 648 131; x_wconf 47' lang='lat' dir='ltr'><strong>Coizzizzu</strong></span> <span class='ocrx_word' id='word_1_3' title='bbox 679 48 910 130; x_wconf 31' lang='lat' dir='ltr'><strong>1572?on</strong></span> 
     </span>
     <span class='ocr_line' id='line_1_2' title="bbox 561 107 743 132; baseline -0.011 0"><span class='ocrx_word' id='word_1_4' title='bbox 561 108 585 132; x_wconf 76' lang='lat' dir='ltr'><strong>A</strong></span> <span class='ocrx_word' id='word_1_5' title='bbox 610 107 644 130; x_wconf 74' lang='grc' dir='ltr'><strong>Ρ.</strong></span> <span class='ocrx_word' id='word_1_6' title='bbox 733 121 743 130; x_wconf 95' lang='grc'><em>.</em></span> 
     </span>
     <span class='ocr_line' id='line_1_3' title="bbox 128 137 1118 216; baseline -0.009 -34"><span class='ocrx_word' id='word_1_7' title='bbox 128 145 351 216; x_wconf 82' lang='lat' dir='ltr'>Habebat</span> <span class='ocrx_word' id='word_1_8' title='bbox 382 142 597 178; x_wconf 82' lang='lat' dir='ltr'><strong>avunculum</strong></span> <span class='ocrx_word' id='word_1_9' title='bbox 631 139 681 189; x_wconf 89' lang='lat' dir='ltr'>Q.</span> <span class='ocrx_word' id='word_1_10' title='bbox 715 139 930 184; x_wconf 77' lang='lat' dir='ltr'><strong>Caeeilium,</strong></span> <span class='ocrx_word' id='word_1_11' title='bbox 957 137 1118 182; x_wconf 80' lang='lat' dir='ltr'><strong>equitem</strong></span> 
     </span>
     <span class='ocr_line' id='line_1_4' title="bbox 238 182 1117 229; baseline -0.009 -4"><span class='ocrx_word' id='word_1_12' title='bbox 238 190 351 226; x_wconf 88' lang='lat' dir='ltr'><strong>Rom.</strong></span> <span class='ocrx_word' id='word_1_13' title='bbox 378 188 587 223; x_wconf 72' lang='lat' dir='ltr'>familiarem</span> <span class='ocrx_word' id='word_1_14' title='bbox 605 184 650 220; x_wconf 93' lang='lat' dir='ltr'><strong>L.</strong></span> <span class='ocrx_word' id='word_1_15' title='bbox 671 182 844 229; x_wconf 82' lang='lat' dir='ltr'>Luculli,</span> <span class='ocrx_word' id='word_1_16' title='bbox 858 184 1008 219; x_wconf 82' lang='lat' dir='ltr'><strong>divitem</strong></span> <span class='ocrx_word' id='word_1_17' title='bbox 1021 210 1032 228; x_wconf 81' lang='lat'>‚</span> <span class='ocrx_word' id='word_1_18' title='bbox 1047 183 1117 217; x_wconf 84' lang='lat' dir='ltr'><strong>dif-</strong></span> 
     </span>
     <span class='ocr_line' id='line_1_5' title="bbox 129 225 1116 276; baseline -0.01 -4"><span class='ocrx_word' id='word_1_19' title='bbox 129 236 293 272; x_wconf 81' lang='lat' dir='ltr'><strong>ficillima</strong></span> <span class='ocrx_word' id='word_1_20' title='bbox 313 242 447 269; x_wconf 85' lang='lat' dir='ltr'><strong>natura.</strong></span> <span class='ocrx_word' id='word_1_21' title='bbox 461 233 563 276; x_wconf 76' lang='lat' dir='ltr'><strong>anus</strong></span> <span class='ocrx_word' id='word_1_22' title='bbox 585 229 632 265; x_wconf 89' lang='lat' dir='ltr'><strong>fic</strong></span> <span class='ocrx_word' id='word_1_23' title='bbox 653 229 879 273; x_wconf 81' lang='lat' dir='ltr'>asperitatem</span> <span class='ocrx_word' id='word_1_24' title='bbox 890 229 1028 263; x_wconf 79' lang='lat' dir='ltr'><strong>veritus</strong></span> <span class='ocrx_word' id='word_1_25' title='bbox 1049 225 1116 272; x_wconf 85' lang='lat' dir='ltr'><strong>est,</strong></span> 
     </span>
     <span class='ocr_line' id='line_1_6' title="bbox 128 272 1118 326; baseline -0.011 -10"><span class='ocrx_word' id='word_1_26' title='bbox 128 290 193 326; x_wconf 75' lang='lat' dir='ltr'><strong>ut,</strong></span> <span class='ocrx_word' id='word_1_27' title='bbox 221 291 326 323; x_wconf 87' lang='lat' dir='ltr'><strong>quem</strong></span> <span class='ocrx_word' id='word_1_28' title='bbox 348 289 455 313; x_wconf 88' lang='lat' dir='ltr'><strong>nemo</strong></span> <span class='ocrx_word' id='word_1_29' title='bbox 478 277 572 311; x_wconf 82' lang='lat' dir='ltr'><strong>ferre</strong></span> <span class='ocrx_word' id='word_1_30' title='bbox 595 273 737 319; x_wconf 77' lang='lat' dir='ltr'><strong>posset,</strong></span> <span class='ocrx_word' id='word_1_31' title='bbox 762 274 868 316; x_wconf 82' lang='lat' dir='ltr'><strong>hujus</strong></span> <span class='ocrx_word' id='word_1_32' title='bbox 898 272 971 308; x_wconf 83' lang='lat' dir='ltr'><strong>sinc</strong></span> <span class='ocrx_word' id='word_1_33' title='bbox 999 272 1118 308; x_wconf 77' lang='lat' dir='ltr'><strong>offen-</strong></span> 
     </span>
     <span class='ocr_line' id='line_1_7' title="bbox 131 318 1120 362; baseline -0.01 -1"><span class='ocrx_word' id='word_1_34' title='bbox 131 325 234 362; x_wconf 82' lang='lat' dir='ltr'><strong>fione</strong></span> <span class='ocrx_word' id='word_1_35' title='bbox 253 323 297 359; x_wconf 81' lang='lat' dir='ltr'><strong>ad</strong></span> <span class='ocrx_word' id='word_1_36' title='bbox 317 323 484 358; x_wconf 80' lang='lat' dir='ltr'><strong>summam</strong></span> <span class='ocrx_word' id='word_1_37' title='bbox 504 321 726 356; x_wconf 63' lang='lat' dir='ltr'><strong>seneciutcm</strong></span> <span class='ocrx_word' id='word_1_38' title='bbox 746 319 938 352; x_wconf 81' lang='lat' dir='ltr'>retinuerit</span> <span class='ocrx_word' id='word_1_39' title='bbox 954 318 1120 352; x_wconf 77' lang='lat' dir='ltr'><strong>benevo-</strong></span> 
     </span>
     <span class='ocr_line' id='line_1_8' title="bbox 129 360 1119 412; baseline -0.014 -5"><span class='ocrx_word' id='word_1_40' title='bbox 129 370 295 407; x_wconf 82' lang='lat' dir='ltr'>lentiam.</span> <span class='ocrx_word' id='word_1_41' title='bbox 323 379 396 412; x_wconf 87' lang='lat' dir='ltr'><strong>quo</strong></span> <span class='ocrx_word' id='word_1_42' title='bbox 417 367 514 402; x_wconf 69' lang='lat' dir='ltr'><strong>saeco</strong></span> <span class='ocrx_word' id='word_1_43' title='bbox 527 364 653 410; x_wconf 50' lang='lat' dir='ltr'><strong>‚milit</strong></span> <span class='ocrx_word' id='word_1_44' title='bbox 670 362 816 406; x_wconf 76' lang='lat' dir='ltr'><strong>pictatis</strong></span> <span class='ocrx_word' id='word_1_45' title='bbox 835 362 1002 397; x_wconf 60' lang='lat' dir='ltr'><strong>studium.</strong></span> <span class='ocrx_word' id='word_1_46' title='bbox 1040 360 1069 394; x_wconf 85' lang='lat' dir='ltr'>C</span> <span class='ocrx_word' id='word_1_47' title='bbox 1075 372 1119 394; x_wconf 64' lang='lat' dir='ltr'><strong>a:-</strong></span> 
     </span>
     <span class='ocr_line' id='line_1_9' title="bbox 131 405 1119 455; baseline -0.011 -5"><span class='ocrx_word' id='word_1_48' title='bbox 131 415 242 450; x_wconf 86' lang='lat' dir='ltr'><strong>cilius</strong></span> <span class='ocrx_word' id='word_1_49' title='bbox 261 413 357 448; x_wconf 86' lang='lat' dir='ltr'><strong>enim</strong></span> <span class='ocrx_word' id='word_1_50' title='bbox 377 410 537 447; x_wconf 81' lang='lat' dir='ltr'><strong>moriens</strong></span> <span class='ocrx_word' id='word_1_51' title='bbox 550 435 562 455; x_wconf 77' lang='lat'>,</span> <span class='ocrx_word' id='word_1_52' title='bbox 575 407 790 443; x_wconf 85' lang='lat' dir='ltr'><strong>testamento</strong></span> <span class='ocrx_word' id='word_1_53' title='bbox 811 405 1001 450; x_wconf 75' lang='lat' dir='ltr'><strong>adoptavit</strong></span> <span class='ocrx_word' id='word_1_54' title='bbox 1022 416 1119 450; x_wconf 75' lang='lat' dir='ltr'><strong>cuni,</strong></span> 
     </span>
     <span class='ocr_line' id='line_1_10' title="bbox 129 450 1120 501; baseline -0.012 -6"><span class='ocrx_word' id='word_1_55' title='bbox 129 458 376 501; x_wconf 82' lang='lat' dir='ltr'><strong>heredemque</strong></span> <span class='ocrx_word' id='word_1_56' title='bbox 398 455 487 491; x_wconf 80' lang='lat' dir='ltr'><strong>fecit</strong></span> <span class='ocrx_word' id='word_1_57' title='bbox 506 466 553 490; x_wconf 84' lang='lat' dir='ltr'><strong>ex</strong></span> <span class='ocrx_word' id='word_1_58' title='bbox 573 452 765 488; x_wconf 82' lang='lat' dir='ltr'><strong>dodrante.</strong></span> <span class='ocrx_word' id='word_1_59' title='bbox 817 462 864 486; x_wconf 89' lang='lat' dir='ltr'><strong>ex</strong></span> <span class='ocrx_word' id='word_1_60' title='bbox 884 462 951 494; x_wconf 83' lang='lat' dir='ltr'><strong>qna</strong></span> <span class='ocrx_word' id='word_1_61' title='bbox 976 450 1120 485; x_wconf 82' lang='lat' dir='ltr'><strong>heredi-</strong></span> 
     </span>
     <span class='ocr_line' id='line_1_11' title="bbox 132 495 1123 545; baseline -0.012 -5"><span class='ocrx_word' id='word_1_62' title='bbox 132 513 206 540; x_wconf 83' lang='lat' dir='ltr'><strong>tate</strong></span> <span class='ocrx_word' id='word_1_63' title='bbox 234 501 377 545; x_wconf 85' lang='lat' dir='ltr'><strong>accepit</strong></span> <span class='ocrx_word' id='word_1_64' title='bbox 406 500 550 536; x_wconf 76' lang='lat' dir='ltr'><strong>circiter</strong></span> <span class='ocrx_word' id='word_1_65' title='bbox 578 498 717 532; x_wconf 84' lang='lat' dir='ltr'><strong>centies</strong></span> <span class='ocrx_word' id='word_1_66' title='bbox 746 495 847 532; x_wconf 89' lang='lat' dir='ltr'>LLS.</span> <span class='ocrx_word' id='word_1_67' title='bbox 898 496 984 531; x_wconf 83' lang='lat' dir='ltr'><strong>Erat</strong></span> <span class='ocrx_word' id='word_1_68' title='bbox 1011 504 1123 538; x_wconf 86' lang='lat' dir='ltr'><strong>nupta</strong></span> 
     </span>
     <span class='ocr_line' id='line_1_12' title="bbox 129 540 1121 593; baseline -0.011 -9"><span class='ocrx_word' id='word_1_69' title='bbox 129 549 236 584; x_wconf 85' lang='lat' dir='ltr'><strong>soror</strong></span> <span class='ocrx_word' id='word_1_70' title='bbox 262 546 381 582; x_wconf 83' lang='lat' dir='ltr'><strong>Attici</strong></span> <span class='ocrx_word' id='word_1_71' title='bbox 414 545 463 593; x_wconf 88' lang='lat' dir='ltr'><strong>Q.</strong></span> <span class='ocrx_word' id='word_1_72' title='bbox 495 543 622 578; x_wconf 88' lang='lat' dir='ltr'><strong>Tullio</strong></span> <span class='ocrx_word' id='word_1_73' title='bbox 652 541 846 578; x_wconf 80' lang='lat' dir='ltr'><strong>Ciceroni:</strong></span> <span class='ocrx_word' id='word_1_74' title='bbox 875 540 1002 583; x_wconf 79' lang='lat' dir='ltr'><strong>easque</strong></span> <span class='ocrx_word' id='word_1_75' title='bbox 1030 550 1121 581; x_wconf 89' lang='lat' dir='ltr'><strong>nup-</strong></span> 
     </span>
     <span class='ocr_line' id='line_1_13' title="bbox 132 583 1123 630; baseline -0.011 -2"><span class='ocrx_word' id='word_1_76' title='bbox 132 593 198 628; x_wconf 86' lang='lat' dir='ltr'><strong>tias</strong></span> <span class='ocrx_word' id='word_1_77' title='bbox 226 592 284 628; x_wconf 85' lang='lat' dir='ltr'><strong>M.</strong></span> <span class='ocrx_word' id='word_1_78' title='bbox 311 590 448 626; x_wconf 78' lang='lat' dir='ltr'><strong>Cicero</strong></span> <span class='ocrx_word' id='word_1_79' title='bbox 478 588 715 630; x_wconf 56' lang='lat' dir='ltr'><strong>conciliarum</strong></span> <span class='ocrx_word' id='word_1_80' title='bbox 739 597 820 621; x_wconf 89' lang='lat' dir='ltr'><strong>cum</strong></span> <span class='ocrx_word' id='word_1_81' title='bbox 849 596 921 628; x_wconf 88' lang='lat' dir='ltr'><strong>quo</strong></span> <span class='ocrx_word' id='word_1_82' title='bbox 948 597 966 619; x_wconf 85' lang='lat' dir='ltr'>a</span> <span class='ocrx_word' id='word_1_83' title='bbox 995 583 1123 618; x_wconf 75' lang='lat' dir='ltr'><strong>condi·</strong></span> 
     </span>
     <span class='ocr_line' id='line_1_14' title="bbox 133 628 1124 682; baseline -0.011 -9"><span class='ocrx_word' id='word_1_84' title='bbox 133 638 311 682; x_wconf 81' lang='lat' dir='ltr'><strong>scipulatu</strong></span> <span class='ocrx_word' id='word_1_85' title='bbox 342 635 487 670; x_wconf 83' lang='lat' dir='ltr'><strong>vivebat</strong></span> <span class='ocrx_word' id='word_1_86' title='bbox 516 631 806 676; x_wconf 62' lang='lat' dir='ltr'><strong>conjnneiiffime</strong></span> <span class='ocrx_word' id='word_1_87' title='bbox 825 656 836 675; x_wconf 78' lang='lat'>‚</span> <span class='ocrx_word' id='word_1_88' title='bbox 871 629 987 664; x_wconf 88' lang='lat' dir='ltr'><strong>multo</strong></span> <span class='ocrx_word' id='word_1_89' title='bbox 1016 628 1124 663; x_wconf 83' lang='lat' dir='ltr'><strong>etiam</strong></span> 
     </span>
     <span class='ocr_line' id='line_1_15' title="bbox 132 671 1124 726; baseline -0.012 -8"><span class='ocrx_word' id='word_1_90' title='bbox 132 681 366 725; x_wconf 79' lang='lat' dir='ltr'><strong>familiarius,</strong></span> <span class='ocrx_word' id='word_1_91' title='bbox 389 691 491 722; x_wconf 82' lang='lat' dir='ltr'><strong>quam</strong></span> <span class='ocrx_word' id='word_1_92' title='bbox 511 689 590 712; x_wconf 87' lang='lat' dir='ltr'><strong>cum</strong></span> <span class='ocrx_word' id='word_1_93' title='bbox 614 676 778 726; x_wconf 80' lang='lat' dir='ltr'><strong>Quinto:</strong></span> <span class='ocrx_word' id='word_1_94' title='bbox 806 684 846 709; x_wconf 86' lang='lat' dir='ltr'><strong>ut</strong></span> <span class='ocrx_word' id='word_1_95' title='bbox 865 673 1020 718; x_wconf 79' lang='lat' dir='ltr'><strong>judicari</strong></span> <span class='ocrx_word' id='word_1_96' title='bbox 1039 671 1124 716; x_wconf 85' lang='lat' dir='ltr'><strong>pos-</strong></span> 
     </span>
     <span class='ocr_line' id='line_1_16' title="bbox 132 719 1125 771; baseline -0.012 -9"><span class='ocrx_word' id='word_1_97' title='bbox 132 725 191 771; x_wconf 87' lang='lat' dir='ltr'><strong>fit,</strong></span> <span class='ocrx_word' id='word_1_98' title='bbox 205 727 286 770; x_wconf 86' lang='lat' dir='ltr'><strong>plus</strong></span> <span class='ocrx_word' id='word_1_99' title='bbox 307 725 345 759; x_wconf 87' lang='lat' dir='ltr'><strong>in</strong></span> <span class='ocrx_word' id='word_1_100' title='bbox 364 722 520 759; x_wconf 86' lang='lat' dir='ltr'><strong>amicitia</strong></span> <span class='ocrx_word' id='word_1_101' title='bbox 537 722 657 756; x_wconf 84' lang='lat' dir='ltr'><strong>valere</strong></span> <span class='ocrx_word' id='word_1_102' title='bbox 677 719 947 755; x_wconf 75' lang='lat' dir='ltr'><strong>fimilitudiuem</strong></span> <span class='ocrx_word' id='word_1_103' title='bbox 967 727 1125 762; x_wconf 78' lang='lat' dir='ltr'><strong>morum,</strong></span> 
     </span>
     <span class='ocr_line' id='line_1_17' title="bbox 136 761 1121 814; baseline -0.011 -8"><span class='ocrx_word' id='word_1_104' title='bbox 136 781 240 814; x_wconf 88' lang='lat' dir='ltr'><strong>quam</strong></span> <span class='ocrx_word' id='word_1_105' title='bbox 269 769 488 804; x_wconf 82' lang='lat' dir='ltr'><strong>affinitatem.</strong></span> <span class='ocrx_word' id='word_1_106' title='bbox 548 766 727 802; x_wconf 81' lang='lat' dir='ltr'><strong>Utebatnr</strong></span> <span class='ocrx_word' id='word_1_107' title='bbox 761 773 879 799; x_wconf 86' lang='lat' dir='ltr'><strong>autem</strong></span> <span class='ocrx_word' id='word_1_108' title='bbox 917 763 1041 797; x_wconf 86' lang='lat' dir='ltr'><strong>intime</strong></span> <span class='ocrx_word' id='word_1_109' title='bbox 1072 761 1121 810; x_wconf 88' lang='lat' dir='ltr'>Q.</span> 
     </span>
     <span class='ocr_line' id='line_1_18' title="bbox 135 806 1124 858; baseline -0.012 -7"><span class='ocrx_word' id='word_1_110' title='bbox 135 813 364 858; x_wconf 75' lang='lat' dir='ltr'><strong>Hortenfio,</strong></span> <span class='ocrx_word' id='word_1_111' title='bbox 391 813 452 856; x_wconf 89' lang='lat' dir='ltr'><strong>qui</strong></span> <span class='ocrx_word' id='word_1_112' title='bbox 471 812 516 847; x_wconf 88' lang='lat' dir='ltr'><strong>iis</strong></span> <span class='ocrx_word' id='word_1_113' title='bbox 535 809 759 853; x_wconf 85' lang='lat' dir='ltr'><strong>temporibus</strong></span> <span class='ocrx_word' id='word_1_114' title='bbox 779 806 1024 852; x_wconf 80' lang='lat' dir='ltr'><strong>principatum</strong></span> <span class='ocrx_word' id='word_1_115' title='bbox 1045 806 1124 840; x_wconf 87' lang='lat' dir='ltr'><strong>elo-</strong></span> 
     </span>
     <span class='ocr_line' id='line_1_19' title="bbox 91 851 1128 904; baseline -0.011 -9"><span class='ocrx_word' id='word_1_116' title='bbox 91 883 97 885; x_wconf 34' lang='lat'><em>*</em></span> <span class='ocrx_word' id='word_1_117' title='bbox 136 859 298 904; x_wconf 83' lang='lat' dir='ltr'><strong>quentiae</strong></span> <span class='ocrx_word' id='word_1_118' title='bbox 319 859 488 893; x_wconf 86' lang='lat' dir='ltr'><strong>tenebat:</strong></span> <span class='ocrx_word' id='word_1_119' title='bbox 513 863 556 889; x_wconf 88' lang='lat' dir='ltr'><strong>ut</strong></span> <span class='ocrx_word' id='word_1_120' title='bbox 583 853 744 898; x_wconf 71' lang='lat' dir='ltr'><strong>intelligi</strong></span> <span class='ocrx_word' id='word_1_121' title='bbox 771 864 846 888; x_wconf 88' lang='lat' dir='ltr'><strong>non</strong></span> <span class='ocrx_word' id='word_1_122' title='bbox 874 851 1015 895; x_wconf 70' lang='lat' dir='ltr'><strong>posset,</strong></span> <span class='ocrx_word' id='word_1_123' title='bbox 1044 859 1128 884; x_wconf 78' lang='lat' dir='ltr'><strong>uter</strong></span> 
     </span>
     <span class='ocr_line' id='line_1_20' title="bbox 137 893 1126 946; baseline -0.011 -7"><span class='ocrx_word' id='word_1_124' title='bbox 137 915 222 939; x_wconf 89' lang='lat' dir='ltr'><strong>eum</strong></span> <span class='ocrx_word' id='word_1_125' title='bbox 250 903 333 946; x_wconf 86' lang='lat' dir='ltr'><strong>plus</strong></span> <span class='ocrx_word' id='word_1_126' title='bbox 363 901 555 946; x_wconf 77' lang='lat' dir='ltr'><strong>diligeret,</strong></span> <span class='ocrx_word' id='word_1_127' title='bbox 582 897 716 933; x_wconf 86' lang='lat' dir='ltr'><strong>Cicero</strong></span> <span class='ocrx_word' id='word_1_128' title='bbox 745 908 787 932; x_wconf 86' lang='lat' dir='ltr'><strong>an</strong></span> <span class='ocrx_word' id='word_1_129' title='bbox 817 893 1055 931; x_wconf 83' lang='lat' dir='ltr'><strong>Hortenfius:</strong></span> <span class='ocrx_word' id='word_1_130' title='bbox 1086 894 1126 929; x_wconf 69' lang='grc' dir='ltr'><strong>δι</strong></span> 
     </span>
     <span class='ocr_line' id='line_1_21' title="bbox 137 939 1128 994; baseline -0.011 -10"><span class='ocrx_word' id='word_1_131' title='bbox 137 949 201 994; x_wconf 82' lang='lat' dir='ltr'><strong>id,</strong></span> <span class='ocrx_word' id='word_1_132' title='bbox 228 946 327 991; x_wconf 90' lang='lat' dir='ltr'><strong>quod</strong></span> <span class='ocrx_word' id='word_1_133' title='bbox 355 955 431 982; x_wconf 87' lang='lat' dir='ltr'><strong>erat</strong></span> <span class='ocrx_word' id='word_1_134' title='bbox 458 943 734 987; x_wconf 83' lang='lat' dir='ltr'><strong>difficillimum,</strong></span> <span class='ocrx_word' id='word_1_135' title='bbox 765 941 945 976; x_wconf 83' lang='lat' dir='ltr'><strong>efficiebat</strong></span> <span class='ocrx_word' id='word_1_136' title='bbox 967 948 1008 974; x_wconf 84' lang='lat' dir='ltr'><strong>ut</strong></span> <span class='ocrx_word' id='word_1_137' title='bbox 1033 939 1128 974; x_wconf 75' lang='lat' dir='ltr'><strong>inter</strong></span> 
     </span>
     <span class='ocr_line' id='line_1_22' title="bbox 137 983 1126 1037; baseline -0.011 -9"><span class='ocrx_word' id='word_1_138' title='bbox 137 1003 230 1037; x_wconf 90' lang='lat' dir='ltr'><strong>quos</strong></span> <span class='ocrx_word' id='word_1_139' title='bbox 241 989 472 1027; x_wconf 83' lang='lat' dir='ltr'><strong>tantaelaudis</strong></span> <span class='ocrx_word' id='word_1_140' title='bbox 494 988 580 1023; x_wconf 73' lang='lat' dir='ltr'><strong>esset</strong></span> <span class='ocrx_word' id='word_1_141' title='bbox 599 985 795 1031; x_wconf 71' lang='lat' dir='ltr'><strong>aemulatio,</strong></span> <span class='ocrx_word' id='word_1_142' title='bbox 811 983 1126 1020; x_wconf 82' lang='lat' dir='ltr'><strong>nullainterccde·</strong></span> 
     </span>
     <span class='ocr_line' id='line_1_23' title="bbox 139 1029 1127 1112; baseline -0.011 -38"><span class='ocrx_word' id='word_1_143' title='bbox 139 1047 195 1074; x_wconf 88' lang='lat' dir='ltr'><strong>ret</strong></span> <span class='ocrx_word' id='word_1_144' title='bbox 215 1035 432 1073; x_wconf 71' lang='lat' dir='ltr'><strong>obtreecatio</strong></span> <span class='ocrx_word' id='word_1_145' title='bbox 443 1061 456 1080; x_wconf 87' lang='lat'>,</span> <span class='ocrx_word' id='word_1_146' title='bbox 484 1033 644 1112; x_wconf 63' lang='lat' dir='ltr'><strong>egetque</strong></span> <span class='ocrx_word' id='word_1_147' title='bbox 664 1032 789 1111; x_wconf 44' lang='lat' dir='ltr'><strong>talium</strong></span> <span class='ocrx_word' id='word_1_148' title='bbox 808 1031 968 1067; x_wconf 86' lang='lat' dir='ltr'><strong>virorum</strong></span> <span class='ocrx_word' id='word_1_149' title='bbox 981 1029 1127 1072; x_wconf 84' lang='lat' dir='ltr'><strong>copula.</strong></span> 
     </span>
     <span class='ocr_line' id='line_1_24' title="bbox 560 1088 767 1112; baseline -0.01 0"><span class='ocrx_word' id='word_1_150' title='bbox 560 1089 585 1112; x_wconf 74' lang='lat' dir='ltr'>A</span> <span class='ocrx_word' id='word_1_151' title='bbox 610 1088 644 1112; x_wconf 78' lang='lat' dir='ltr'><strong>P.</strong></span> <span class='ocrx_word' id='word_1_152' title='bbox 738 1101 767 1110; x_wconf 73' lang='grc'><strong>,.</strong></span> 
     </span>
    </p>

    <p class='ocr_par' dir='ltr' id='par_1_2' title="bbox 137 1117 1139 2060">
     <span class='ocr_line' id='line_1_25' title="bbox 137 1117 1128 1196; baseline -0.011 -33"><span class='ocrx_word' id='word_1_153' title='bbox 137 1125 202 1196; x_wconf 84' lang='lat' dir='ltr'><strong>In</strong></span> <span class='ocrx_word' id='word_1_154' title='bbox 221 1125 350 1170; x_wconf 88' lang='lat' dir='ltr'><strong>repub.</strong></span> <span class='ocrx_word' id='word_1_155' title='bbox 382 1124 432 1160; x_wconf 76' lang='lat' dir='ltr'><strong>ita</strong></span> <span class='ocrx_word' id='word_1_156' title='bbox 457 1123 616 1158; x_wconf 86' lang='lat' dir='ltr'><strong>versatus</strong></span> <span class='ocrx_word' id='word_1_157' title='bbox 635 1119 709 1165; x_wconf 83' lang='lat' dir='ltr'><strong>est,</strong></span> <span class='ocrx_word' id='word_1_158' title='bbox 736 1130 776 1156; x_wconf 88' lang='lat' dir='ltr'><strong>ut</strong></span> <span class='ocrx_word' id='word_1_159' title='bbox 805 1120 946 1163; x_wconf 85' lang='lat' dir='ltr'><strong>semper</strong></span> <span class='ocrx_word' id='word_1_160' title='bbox 974 1117 1128 1162; x_wconf 72' lang='lat' dir='ltr'><strong>optima-</strong></span> 
     </span>
     <span class='ocr_line' id='line_1_26' title="bbox 193 1163 1128 1214; baseline -0.011 -7"><span class='ocrx_word' id='word_1_161' title='bbox 193 1183 271 1207; x_wconf 88' lang='lat' dir='ltr'><strong>rum</strong></span> <span class='ocrx_word' id='word_1_162' title='bbox 295 1170 448 1214; x_wconf 84' lang='lat' dir='ltr'><strong>partium</strong></span> <span class='ocrx_word' id='word_1_163' title='bbox 473 1166 510 1203; x_wconf 87' lang='lat'>&amp;</span> <span class='ocrx_word' id='word_1_164' title='bbox 537 1167 645 1212; x_wconf 79' lang='lat' dir='ltr'><strong>esset,</strong></span> <span class='ocrx_word' id='word_1_165' title='bbox 672 1163 709 1201; x_wconf 85' lang='lat'>&amp;</span> <span class='ocrx_word' id='word_1_166' title='bbox 735 1163 1025 1207; x_wconf 72' lang='lat' dir='ltr'><strong>existimaretur,</strong></span> <span class='ocrx_word' id='word_1_167' title='bbox 1063 1172 1128 1197; x_wconf 89' lang='lat' dir='ltr'><strong>ne-</strong></span> 
     </span>
     <span class='ocr_line' id='line_1_27' title="bbox 141 1209 1126 1260; baseline -0.011 -9"><span class='ocrx_word' id='word_1_168' title='bbox 141 1227 213 1260; x_wconf 85' lang='lat' dir='ltr'><strong>que</strong></span> <span class='ocrx_word' id='word_1_169' title='bbox 243 1225 362 1250; x_wconf 85' lang='lat' dir='ltr'><strong>tamen</strong></span> <span class='ocrx_word' id='word_1_170' title='bbox 391 1214 426 1249; x_wconf 88' lang='lat' dir='ltr'><strong>se</strong></span> <span class='ocrx_word' id='word_1_171' title='bbox 457 1212 624 1247; x_wconf 75' lang='lat' dir='ltr'><strong>civilibus</strong></span> <span class='ocrx_word' id='word_1_172' title='bbox 652 1211 818 1246; x_wconf 70' lang='lat' dir='ltr'><strong>flue‘tibus</strong></span> <span class='ocrx_word' id='word_1_173' title='bbox 847 1209 1092 1244; x_wconf 83' lang='lat' dir='ltr'><strong>committeret</strong></span> <span class='ocrx_word' id='word_1_174' title='bbox 1111 1232 1126 1251; x_wconf 90' lang='lat'>,</span> 
     </span>
     <span class='ocr_line' id='line_1_28' title="bbox 139 1251 1130 1304; baseline -0.008 -10"><span class='ocrx_word' id='word_1_175' title='bbox 139 1259 241 1304; x_wconf 91' lang='lat' dir='ltr'><strong>quod</strong></span> <span class='ocrx_word' id='word_1_176' title='bbox 260 1271 335 1295; x_wconf 85' lang='lat' dir='ltr'><strong>non</strong></span> <span class='ocrx_word' id='word_1_177' title='bbox 355 1257 465 1301; x_wconf 70' lang='lat' dir='ltr'><strong>magis</strong></span> <span class='ocrx_word' id='word_1_178' title='bbox 485 1268 551 1292; x_wconf 86' lang='lat' dir='ltr'><strong>eos</strong></span> <span class='ocrx_word' id='word_1_179' title='bbox 572 1256 608 1290; x_wconf 89' lang='lat' dir='ltr'><strong>in</strong></span> <span class='ocrx_word' id='word_1_180' title='bbox 629 1255 688 1290; x_wconf 83' lang='lat' dir='ltr'><strong>sua</strong></span> <span class='ocrx_word' id='word_1_181' title='bbox 705 1253 886 1299; x_wconf 79' lang='lat' dir='ltr'><strong>potestate</strong></span> <span class='ocrx_word' id='word_1_182' title='bbox 907 1251 1130 1288; x_wconf 77' lang='lat' dir='ltr'><strong>existimabat</strong></span> 
     </span>
     <span class='ocr_line' id='line_1_29' title="bbox 140 1295 1130 1349; baseline -0.01 -9"><span class='ocrx_word' id='word_1_183' title='bbox 140 1305 234 1349; x_wconf 81' lang='lat' dir='ltr'><strong>esse,</strong></span> <span class='ocrx_word' id='word_1_184' title='bbox 262 1304 321 1347; x_wconf 89' lang='lat' dir='ltr'><strong>qui</strong></span> <span class='ocrx_word' id='word_1_185' title='bbox 348 1303 384 1338; x_wconf 90' lang='lat' dir='ltr'><strong>se</strong></span> <span class='ocrx_word' id='word_1_186' title='bbox 412 1303 455 1337; x_wconf 91' lang='lat' dir='ltr'><strong>iis</strong></span> <span class='ocrx_word' id='word_1_187' title='bbox 485 1300 683 1343; x_wconf 76' lang='lat' dir='ltr'><strong>dedissent,</strong></span> <span class='ocrx_word' id='word_1_188' title='bbox 723 1311 823 1342; x_wconf 82' lang='lat' dir='ltr'><strong>quam</strong></span> <span class='ocrx_word' id='word_1_189' title='bbox 853 1298 914 1342; x_wconf 89' lang='lat' dir='ltr'><strong>qui</strong></span> <span class='ocrx_word' id='word_1_190' title='bbox 942 1295 1130 1332; x_wconf 76' lang='lat' dir='ltr'><strong>maritimis</strong></span> 
     </span>
     <span class='ocr_line' id='line_1_30' title="bbox 139 1340 1129 1395; baseline -0.011 -11"><span class='ocrx_word' id='word_1_191' title='bbox 139 1350 365 1395; x_wconf 63' lang='lat' dir='ltr'><strong>jaelarentur.</strong></span> <span class='ocrx_word' id='word_1_192' title='bbox 417 1346 594 1380; x_wconf 86' lang='lat' dir='ltr'><strong>Honores</strong></span> <span class='ocrx_word' id='word_1_193' title='bbox 615 1355 689 1379; x_wconf 90' lang='lat' dir='ltr'><strong>non</strong></span> <span class='ocrx_word' id='word_1_194' title='bbox 709 1343 839 1386; x_wconf 79' lang='lat' dir='ltr'><strong>petiit,</strong></span> <span class='ocrx_word' id='word_1_195' title='bbox 867 1353 973 1384; x_wconf 85' lang='lat' dir='ltr'><strong>quum</strong></span> <span class='ocrx_word' id='word_1_196' title='bbox 1004 1340 1038 1376; x_wconf 91' lang='lat' dir='ltr'><strong>ei</strong></span> <span class='ocrx_word' id='word_1_197' title='bbox 1067 1351 1129 1384; x_wconf 86' lang='lat' dir='ltr'><strong>pa-</strong></span> 
     </span>
     <span class='ocr_line' id='line_1_31' title="bbox 140 1382 1131 1438; baseline -0.012 -8"><span class='ocrx_word' id='word_1_198' title='bbox 140 1403 284 1438; x_wconf 84' lang='lat' dir='ltr'><strong>terent,</strong></span> <span class='ocrx_word' id='word_1_199' title='bbox 298 1400 452 1436; x_wconf 85' lang='lat' dir='ltr'><strong>propter</strong></span> <span class='ocrx_word' id='word_1_200' title='bbox 469 1390 526 1424; x_wconf 81' lang='lat' dir='ltr'><strong>vel</strong></span> <span class='ocrx_word' id='word_1_201' title='bbox 547 1389 691 1434; x_wconf 83' lang='lat' dir='ltr'><strong>gratiam</strong></span> <span class='ocrx_word' id='word_1_202' title='bbox 701 1388 762 1423; x_wconf 71' lang='lat' dir='ltr'><strong>vel</strong></span> <span class='ocrx_word' id='word_1_203' title='bbox 780 1387 1014 1431; x_wconf 82' lang='lat' dir='ltr'><strong>dignitatem:</strong></span> <span class='ocrx_word' id='word_1_204' title='bbox 1029 1382 1131 1427; x_wconf 84' lang='lat' dir='ltr'><strong>quod</strong></span> 
     </span>
     <span class='ocr_line' id='line_1_32' title="bbox 139 1429 1132 1482; baseline -0.011 -8"><span class='ocrx_word' id='word_1_205' title='bbox 139 1449 260 1482; x_wconf 87' lang='lat' dir='ltr'><strong>neque</strong></span> <span class='ocrx_word' id='word_1_206' title='bbox 281 1437 360 1480; x_wconf 85' lang='lat' dir='ltr'><strong>peti</strong></span> <span class='ocrx_word' id='word_1_207' title='bbox 380 1446 480 1471; x_wconf 86' lang='lat' dir='ltr'><strong>more</strong></span> <span class='ocrx_word' id='word_1_208' title='bbox 509 1435 705 1477; x_wconf 74' lang='lat' dir='ltr'><strong>mnjorum,</strong></span> <span class='ocrx_word' id='word_1_209' title='bbox 731 1442 849 1474; x_wconf 90' lang='lat' dir='ltr'><strong>neque</strong></span> <span class='ocrx_word' id='word_1_210' title='bbox 877 1430 957 1474; x_wconf 85' lang='lat' dir='ltr'><strong>capi</strong></span> <span class='ocrx_word' id='word_1_211' title='bbox 987 1429 1132 1473; x_wconf 73' lang='lat' dir='ltr'><strong>poss&#39;ent</strong></span> 
     </span>
     <span class='ocr_line' id='line_1_33' title="bbox 141 1473 1131 1525; baseline -0.01 -7"><span class='ocrx_word' id='word_1_212' title='bbox 141 1481 364 1518; x_wconf 83' lang='lat' dir='ltr'><strong>conservatis</strong></span> <span class='ocrx_word' id='word_1_213' title='bbox 395 1480 563 1525; x_wconf 87' lang='lat' dir='ltr'><strong>legibus,</strong></span> <span class='ocrx_word' id='word_1_214' title='bbox 590 1477 626 1512; x_wconf 90' lang='lat' dir='ltr'><strong>in</strong></span> <span class='ocrx_word' id='word_1_215' title='bbox 646 1487 716 1512; x_wconf 87' lang='lat' dir='ltr'><strong>tam</strong></span> <span class='ocrx_word' id='word_1_216' title='bbox 737 1474 856 1512; x_wconf 83' lang='lat' dir='ltr'><strong>effufis</strong></span> <span class='ocrx_word' id='word_1_217' title='bbox 884 1473 1036 1510; x_wconf 78' lang='lat' dir='ltr'><strong>ambitus</strong></span> <span class='ocrx_word' id='word_1_218' title='bbox 1064 1473 1131 1508; x_wconf 82' lang='lat' dir='ltr'><strong>lar-</strong></span> 
     </span>
     <span class='ocr_line' id='line_1_34' title="bbox 141 1517 1129 1573; baseline -0.009 -11"><span class='ocrx_word' id='word_1_219' title='bbox 141 1526 368 1573; x_wconf 78' lang='lat' dir='ltr'><strong>gitionibus,</strong></span> <span class='ocrx_word' id='word_1_220' title='bbox 397 1535 515 1567; x_wconf 87' lang='lat' dir='ltr'><strong>neque</strong></span> <span class='ocrx_word' id='word_1_221' title='bbox 533 1523 611 1568; x_wconf 84' lang='lat' dir='ltr'><strong>geri</strong></span> <span class='ocrx_word' id='word_1_222' title='bbox 630 1533 649 1557; x_wconf 92' lang='lat' dir='ltr'><strong>e</strong></span> <span class='ocrx_word' id='word_1_223' title='bbox 670 1522 813 1566; x_wconf 89' lang='lat' dir='ltr'><strong>republ.</strong></span> <span class='ocrx_word' id='word_1_224' title='bbox 839 1519 914 1554; x_wconf 88' lang='lat' dir='ltr'><strong>fine</strong></span> <span class='ocrx_word' id='word_1_225' title='bbox 934 1517 1129 1563; x_wconf 80' lang='lat' dir='ltr'><strong>periculo,</strong></span> 
     </span>
     <span class='ocr_line' id='line_1_35' title="bbox 141 1563 1132 1614; baseline -0.011 -7"><span class='ocrx_word' id='word_1_226' title='bbox 141 1571 325 1614; x_wconf 82' lang='lat' dir='ltr'><strong>corruptis</strong></span> <span class='ocrx_word' id='word_1_227' title='bbox 345 1569 500 1605; x_wconf 83' lang='lat' dir='ltr'><strong>civitatis</strong></span> <span class='ocrx_word' id='word_1_228' title='bbox 520 1568 694 1603; x_wconf 81' lang='lat' dir='ltr'><strong>moribus.</strong></span> <span class='ocrx_word' id='word_1_229' title='bbox 721 1565 781 1601; x_wconf 86' lang='lat' dir='ltr'><strong>Ad</strong></span> <span class='ocrx_word' id='word_1_230' title='bbox 800 1563 929 1600; x_wconf 80' lang='lat' dir='ltr'>hastam</span> <span class='ocrx_word' id='word_1_231' title='bbox 948 1563 1132 1607; x_wconf 78' lang='lat' dir='ltr'><strong>publicam</strong></span> 
     </span>
     <span class='ocr_line' id='line_1_36' title="bbox 142 1611 1131 1658; baseline -0.011 -7"><span class='ocrx_word' id='word_1_232' title='bbox 142 1626 322 1658; x_wconf 73' lang='lat' dir='ltr'><strong>nunquam</strong></span> <span class='ocrx_word' id='word_1_233' title='bbox 343 1613 495 1649; x_wconf 83' lang='lat' dir='ltr'><strong>acceffit.</strong></span> <span class='ocrx_word' id='word_1_234' title='bbox 507 1611 658 1646; x_wconf 85' lang='lat' dir='ltr'><strong>Nullius</strong></span> <span class='ocrx_word' id='word_1_235' title='bbox 669 1611 721 1646; x_wconf 90' lang='lat' dir='ltr'><strong>rei</strong></span> <span class='ocrx_word' id='word_1_236' title='bbox 742 1619 859 1652; x_wconf 87' lang='lat' dir='ltr'><strong>neque</strong></span> <span class='ocrx_word' id='word_1_237' title='bbox 879 1619 996 1652; x_wconf 82' lang='lat' dir='ltr'><strong>praes,</strong></span> <span class='ocrx_word' id='word_1_238' title='bbox 1009 1616 1131 1649; x_wconf 81' lang='lat' dir='ltr'><strong>nequo</strong></span> 
     </span>
     <span class='ocr_line' id='line_1_37' title="bbox 142 1650 1133 1702; baseline -0.012 -6"><span class='ocrx_word' id='word_1_239' title='bbox 142 1671 312 1702; x_wconf 86' lang='lat' dir='ltr'><strong>manceps</strong></span> <span class='ocrx_word' id='word_1_240' title='bbox 331 1659 442 1693; x_wconf 48' lang='lat' dir='ltr'><strong>sacius</strong></span> <span class='ocrx_word' id='word_1_241' title='bbox 464 1655 528 1693; x_wconf 90' lang='lat' dir='ltr'><strong>est.</strong></span> <span class='ocrx_word' id='word_1_242' title='bbox 549 1655 743 1691; x_wconf 85' lang='lat' dir='ltr'><strong>Neminem</strong></span> <span class='ocrx_word' id='word_1_243' title='bbox 757 1657 916 1697; x_wconf 79' lang='lat' dir='ltr'><strong>(neque)</strong></span> <span class='ocrx_word' id='word_1_244' title='bbox 927 1652 992 1687; x_wconf 91' lang='lat' dir='ltr'><strong>suo</strong></span> <span class='ocrx_word' id='word_1_245' title='bbox 1013 1650 1133 1686; x_wconf 76' lang='lat' dir='ltr'><strong>nomi·</strong></span> 
     </span>
     <span class='ocr_line' id='line_1_38' title="bbox 142 1694 1139 1749; baseline -0.009 -9"><span class='ocrx_word' id='word_1_246' title='bbox 142 1715 212 1749; x_wconf 82' lang='lat' dir='ltr'><strong>ne,</strong></span> <span class='ocrx_word' id='word_1_247' title='bbox 235 1714 353 1745; x_wconf 89' lang='lat' dir='ltr'><strong>neque</strong></span> <span class='ocrx_word' id='word_1_248' title='bbox 376 1701 623 1744; x_wconf 78' lang='lat' dir='ltr'><strong>subscribens,</strong></span> <span class='ocrx_word' id='word_1_249' title='bbox 649 1698 840 1734; x_wconf 82' lang='lat' dir='ltr'><strong>accusavit.</strong></span> <span class='ocrx_word' id='word_1_250' title='bbox 869 1697 909 1732; x_wconf 92' lang='lat' dir='ltr'><strong>In</strong></span> <span class='ocrx_word' id='word_1_251' title='bbox 930 1698 986 1739; x_wconf 83' lang='lat' dir='ltr'><strong>jus</strong></span> <span class='ocrx_word' id='word_1_252' title='bbox 1007 1695 1053 1730; x_wconf 90' lang='lat' dir='ltr'><strong>de</strong></span> <span class='ocrx_word' id='word_1_253' title='bbox 1073 1694 1139 1731; x_wconf 50' lang='lat' dir='ltr'><strong>sun*</strong></span> 
     </span>
     <span class='ocr_line' id='line_1_39' title="bbox 141 1740 1134 1790; baseline -0.012 -5"><span class='ocrx_word' id='word_1_254' title='bbox 141 1760 179 1785; x_wconf 85' lang='lat' dir='ltr'><strong>re</strong></span> <span class='ocrx_word' id='word_1_255' title='bbox 201 1756 381 1790; x_wconf 78' lang='lat' dir='ltr'><strong>nunquam</strong></span> <span class='ocrx_word' id='word_1_256' title='bbox 400 1747 462 1780; x_wconf 86' lang='lat' dir='ltr'><strong>iit:</strong></span> <span class='ocrx_word' id='word_1_257' title='bbox 482 1745 658 1789; x_wconf 86' lang='lat' dir='ltr'><strong>judicium</strong></span> <span class='ocrx_word' id='word_1_258' title='bbox 679 1743 819 1779; x_wconf 88' lang='lat' dir='ltr'><strong>nullum</strong></span> <span class='ocrx_word' id='word_1_259' title='bbox 831 1741 966 1776; x_wconf 80' lang='lat' dir='ltr'><strong>habuit.</strong></span> <span class='ocrx_word' id='word_1_260' title='bbox 987 1740 1134 1775; x_wconf 86' lang='lat' dir='ltr'><strong>Multo·</strong></span> 
     </span>
     <span class='ocr_line' id='line_1_40' title="bbox 143 1784 1132 1834; baseline -0.01 -6"><span class='ocrx_word' id='word_1_261' title='bbox 143 1805 221 1829; x_wconf 80' lang='lat' dir='ltr'><strong>rum</strong></span> <span class='ocrx_word' id='word_1_262' title='bbox 240 1791 426 1827; x_wconf 87' lang='lat' dir='ltr'><strong>consulum</strong></span> <span class='ocrx_word' id='word_1_263' title='bbox 445 1799 710 1834; x_wconf 60' lang='lat' dir='ltr'><strong>praetorumque</strong></span> <span class='ocrx_word' id='word_1_264' title='bbox 739 1787 966 1832; x_wconf 70' lang='lat' dir='ltr'><strong>praefcd&#39;curas</strong></span> <span class='ocrx_word' id='word_1_265' title='bbox 997 1784 1132 1820; x_wconf 75' lang='lat' dir='ltr'><strong>delatas</strong></span> 
     </span>
     <span class='ocr_line' id='line_1_41' title="bbox 146 1827 1131 1880; baseline -0.01 -7"><span class='ocrx_word' id='word_1_266' title='bbox 146 1837 195 1874; x_wconf 83' lang='lat' dir='ltr'><strong>fic</strong></span> <span class='ocrx_word' id='word_1_267' title='bbox 221 1836 385 1880; x_wconf 83' lang='lat' dir='ltr'><strong>accepit,</strong></span> <span class='ocrx_word' id='word_1_268' title='bbox 412 1844 453 1869; x_wconf 86' lang='lat' dir='ltr'><strong>ut</strong></span> <span class='ocrx_word' id='word_1_269' title='bbox 480 1835 661 1869; x_wconf 86' lang='lat' dir='ltr'><strong>neminem</strong></span> <span class='ocrx_word' id='word_1_270' title='bbox 690 1833 727 1867; x_wconf 90' lang='lat' dir='ltr'><strong>in</strong></span> <span class='ocrx_word' id='word_1_271' title='bbox 754 1832 981 1876; x_wconf 84' lang='lat' dir='ltr'><strong>provinciam</strong></span> <span class='ocrx_word' id='word_1_272' title='bbox 1008 1827 1051 1864; x_wconf 83' lang='lat' dir='ltr'><strong>fit</strong></span> <span class='ocrx_word' id='word_1_273' title='bbox 1078 1827 1131 1863; x_wconf 88' lang='lat' dir='ltr'><strong>se-</strong></span> 
     </span>
     <span class='ocr_line' id='line_1_42' title="bbox 145 1871 1133 1921; baseline -0.008 -5"><span class='ocrx_word' id='word_1_274' title='bbox 145 1891 274 1917; x_wconf 85' lang='lat' dir='ltr'><strong>cutus:</strong></span> <span class='ocrx_word' id='word_1_275' title='bbox 301 1882 443 1915; x_wconf 88' lang='lat' dir='ltr'><strong>honore</strong></span> <span class='ocrx_word' id='word_1_276' title='bbox 471 1878 585 1914; x_wconf 87' lang='lat' dir='ltr'><strong>fuerit</strong></span> <span class='ocrx_word' id='word_1_277' title='bbox 612 1886 835 1921; x_wconf 82' lang='lat' dir='ltr'><strong>contentus,</strong></span> <span class='ocrx_word' id='word_1_278' title='bbox 861 1875 914 1911; x_wconf 86' lang='lat' dir='ltr'><strong>rei</strong></span> <span class='ocrx_word' id='word_1_279' title='bbox 942 1871 1133 1909; x_wconf 72' lang='lat' dir='ltr'><strong>familiario</strong></span> 
     </span>
     <span class='ocr_line' id='line_1_43' title="bbox 146 1915 1132 1972; baseline -0.011 -11"><span class='ocrx_word' id='word_1_280' title='bbox 146 1926 358 1969; x_wconf 81' lang='lat' dir='ltr'><strong>despexerit</strong></span> <span class='ocrx_word' id='word_1_281' title='bbox 377 1925 542 1959; x_wconf 63' lang='lat' dir='ltr'><strong>fruel-um.</strong></span> <span class='ocrx_word' id='word_1_282' title='bbox 569 1922 644 1972; x_wconf 92' lang='lat' dir='ltr'><strong>Qui</strong></span> <span class='ocrx_word' id='word_1_283' title='bbox 664 1933 710 1957; x_wconf 88' lang='lat' dir='ltr'><strong>ne</strong></span> <span class='ocrx_word' id='word_1_284' title='bbox 730 1932 811 1957; x_wconf 89' lang='lat' dir='ltr'><strong>cum</strong></span> <span class='ocrx_word' id='word_1_285' title='bbox 829 1920 877 1969; x_wconf 88' lang='lat' dir='ltr'>Q.</span> <span class='ocrx_word' id='word_1_286' title='bbox 899 1918 1044 1963; x_wconf 87' lang='lat' dir='ltr'><strong>quidem</strong></span> <span class='ocrx_word' id='word_1_287' title='bbox 1069 1915 1132 1951; x_wconf 92' lang='lat' dir='ltr'><strong>Ci-</strong></span> 
     </span>
     <span class='ocr_line' id='line_1_44' title="bbox 147 1961 1132 2012; baseline -0.008 -7"><span class='ocrx_word' id='word_1_288' title='bbox 147 1981 284 2005; x_wconf 87' lang='lat' dir='ltr'><strong>cerone</strong></span> <span class='ocrx_word' id='word_1_289' title='bbox 304 1969 467 2004; x_wconf 79' lang='lat' dir='ltr'><strong>voluerit</strong></span> <span class='ocrx_word' id='word_1_290' title='bbox 486 1969 537 2003; x_wconf 88' lang='lat' dir='ltr'><strong>ire</strong></span> <span class='ocrx_word' id='word_1_291' title='bbox 556 1968 593 2002; x_wconf 88' lang='lat' dir='ltr'><strong>in</strong></span> <span class='ocrx_word' id='word_1_292' title='bbox 623 1965 765 2012; x_wconf 78' lang='lat' dir='ltr'><strong>Afiam,</strong></span> <span class='ocrx_word' id='word_1_293' title='bbox 792 1976 898 2003; x_wconf 75' lang='lat' dir='ltr'><strong>nuum</strong></span> <span class='ocrx_word' id='word_1_294' title='bbox 927 1961 1020 2006; x_wconf 85' lang='lat' dir='ltr'><strong>apud</strong></span> <span class='ocrx_word' id='word_1_295' title='bbox 1047 1971 1132 1997; x_wconf 87' lang='lat' dir='ltr'><strong>cum</strong></span> 
     </span>
     <span class='ocr_line' id='line_1_45' title="bbox 146 2004 1131 2060; baseline -0.011 -10"><span class='ocrx_word' id='word_1_296' title='bbox 146 2015 256 2060; x_wconf 83' lang='lat' dir='ltr'><strong>legati</strong></span> <span class='ocrx_word' id='word_1_297' title='bbox 276 2015 397 2049; x_wconf 85' lang='lat' dir='ltr'><strong>locum</strong></span> <span class='ocrx_word' id='word_1_298' title='bbox 419 2013 585 2048; x_wconf 86' lang='lat' dir='ltr'><strong>obtinere</strong></span> <span class='ocrx_word' id='word_1_299' title='bbox 604 2011 733 2055; x_wconf 76' lang='lat' dir='ltr'><strong>poffet.</strong></span> <span class='ocrx_word' id='word_1_300' title='bbox 782 2009 874 2046; x_wconf 87' lang='lat' dir='ltr'><strong>Non</strong></span> <span class='ocrx_word' id='word_1_301' title='bbox 896 2007 990 2044; x_wconf 87' lang='lat' dir='ltr'><strong>enim</strong></span> <span class='ocrx_word' id='word_1_302' title='bbox 1021 2004 1131 2040; x_wconf 87' lang='lat' dir='ltr'><strong>dece-</strong></span> 
     </span>
    </p>
   </div>
   <div class='ocr_carea' id='block_1_2' title="bbox 143 2058 1134 2140">
    <p class='ocr_par' dir='ltr' id='par_1_3' title="bbox 143 2058 1134 2140">
     <span class='ocr_line' id='line_1_46' title="bbox 143 2058 1133 2133; baseline -0.012 -37"><span class='ocrx_word' id='word_1_303' title='bbox 143 2070 182 2097; x_wconf 84' lang='lat' dir='ltr'><strong>re</strong></span> <span class='ocrx_word' id='word_1_304' title='bbox 212 2059 246 2096; x_wconf 84' lang='lat' dir='ltr'><strong>se</strong></span> <span class='ocrx_word' id='word_1_305' title='bbox 277 2058 541 2103; x_wconf 76' lang='lat' dir='ltr'><strong>arbitrabatur‚&#39;</strong></span> <span class='ocrx_word' id='word_1_306' title='bbox 565 2067 674 2102; x_wconf 76' lang='lat' dir='ltr'><strong>quum</strong></span> <span class='ocrx_word' id='word_1_307' title='bbox 701 2065 887 2101; x_wconf 69' lang='lat' dir='ltr'><strong>praeturam</strong></span> <span class='ocrx_word' id='word_1_308' title='bbox 914 2059 1133 2133; x_wconf 61' lang='lat' dir='ltr'><strong>gerclressno-</strong></span> 
     </span>
     <span class='ocr_line' id='line_1_47' title="bbox 1005 2103 1134 2140; baseline -0.016 -10"><span class='ocrx_word' id='word_1_309' title='bbox 1005 2105 1044 2130; x_wconf 77' lang='lat' dir='ltr'><strong>ui</strong></span> <span class='ocrx_word' id='word_1_310' title='bbox 1073 2103 1134 2140; x_wconf 84' lang='lat' dir='ltr'><strong>et,</strong></span> 
     </span>
    </p>
   </div>
   <div class='ocr_carea' id='block_1_3' title="bbox 1099 2233 1104 2248">
    <p class='ocr_par' dir='ltr' id='par_1_4' title="bbox 1099 2233 1104 2248">
     <span class='ocr_line' id='line_1_48' title="bbox 1099 2233 1104 2248; baseline 0 0"><span class='ocrx_word' id='word_1_311' title='bbox 1099 2233 1104 2248; x_wconf 82' lang='lat' dir='ltr'><strong>l</strong></span> 
     </span>
    </p>
   </div>
  </div>
 </body>
</html>
