1170 2248
1020 31 1034 38 x

259 37 410 75 XXII.
459 37 791 80 Hniurtc'n
817 53 858 81 R.
998 60 1046 93 97

56 82 110 119 his
129 81 362 129 Antigonus,
388 95 496 128 quum
525 86 691 123 adversus
719 90 911 140 Seleucum
940 90 1043 129 L·fi-

56 128 289 170 machumque
309 128 517 172 dimicaret,
531 131 567 166 in
589 133 862 175 praeliooccisus
884 134 949 172 est.
1004 150 1041 174 a-

54 169 85 206 ri
103 172 181 207 leto
200 173 347 209 affectus
367 172 420 208 est
438 173 667 220 Lysimachus
686 189 705 212 a
722 179 894 216 Seleuco.
943 181 1039 219 Nam

37 214 228 251 »societate
249 216 439 262 dissoluta,
452 220 588 255 bellum
607 221 704 257 inter
721 222 756 258 se
767 224 958 269 gesserunt.
986 226 1039 264 At

14 265 18 268 ·
51 257 277 305 Demetrius,
290 274 397 305 quum
409 263 516 298 filiam
528 264 549 298 s
547 276 622 300 uam
634 267 789 303 Seleuco
808 269 845 304 in
857 271 1038 308 matrimo-

39 304 148 338 -nium
168 304 342 351 dedisset,
370 319 487 351 neque
508 320 553 345 eo
573 312 681 356 magis
702 311 774 348 fida
792 312 891 349 inter
916 327 981 351 eos
999 329 1035 352 a-

49 348 186 384 micitia
205 362 345 386 manere
364 352 564 399 potuisset,
593 366 716 399 captus
738 357 839 393 beno
858 359 894 395 in
915 359 1034 396 custo-

47 392 106 427 dia
124 392 230 429 socer
247 396 394 441 generi,
420 397 531 440 periit
549 401 692 436 morbo.
718 399 854 445 Neque
874 403 922 439 ita
941 408 1033 442 mul-

46 446 88 471 to
108 437 190 480 post
208 439 379 476 Seleucus
399 452 418 475 a
442 440 642 479 Ptolemaeo
663 445 831 482 Cerauno
861 448 952 484 dolo
981 451 1036 485 in-

48 482 221 518 tcrfcftus
244 482 316 518 est:
342 496 447 528 quem
468 486 532 522 ille
550 500 567 522 a
586 499 686 532 patre
705 491 895 535 expulsum
916 492 1032 530 Alex-

46 525 198 571 andrea,
224 528 416 564 alienarum
445 542 555 574 opum
583 534 807 579 indigentem
829 547 1035 581 receperat.

45 568 128 613 Ipse
147 580 264 606 autem
284 572 524 619 Ptolemaeus,
538 588 644 619 quum
664 579 765 614 vivus
786 580 863 616 silio
881 592 1031 623 reanum

44 613 245 650 tradidisset
262 642 275 661 ‚
299 618 341 652 ab
360 617 429 653 illo
450 620 580 655 eodem
610 623 682 657 vita
700 624 859 666 privatus
885 625 1030 664 dicitur.

43 655 103 693 De
124 659 250 701 quibus
270 661 438 703 quoniam
468 664 551 699 satis
576 664 712 701 dit-“tum
740 678 929 715 putanmS,
955 683 1031 709 non

43 701 312 739 incommodum
338 705 504 753 videtur,
531 721 606 744 non
634 713 821 755 praeterire
851 713 1030 752 Hamilca-

40 756 116 780 rem
136 744 173 781 &
195 748 455 786 Hannibalem:
482 765 574 795 quos
594 753 631 789 &
651 756 758 791 animi
777 759 1028 803 magnitudine

40 787 78 824 ἀ
101 792 295 870 calliditate
325 806 449 833 omnes
479 797 517 834 in
543 798 669 837 Africa
695 810 799 839 natos
828 802 1027 848 praestitisse

39 844 112 871 con
145 845 192 871 at.

70 932 298 998 XXII.
375 939 1007 1011 HAMILCAR.

419 1062 450 1101 C
474 1076 500 1099 Λ
524 1075 558 1101 Ρ.
606 1065 640 1104 1.

35 1144 425 1213 HAMILCAR,
451 1152 844 1197 HANNIBALIS
870 1160 912 1197 F.
934 1173 1023 1210 cog*-

121 1193 266 1230 nomine
286 1195 435 1242 Bareas,
463 1198 762 1246 Karthaginienfis
775 1231 786 1250 ‚
813 1207 929 1249 primo
942 1201 1019 1243 Poe-

35 1234 122 1270 nico
141 1236 242 1273 bello
255 1264 267 1283 ‚
292 1239 356 1275 sed
375 1244 599 1285 temporibus
615 1249 811 1295 extremis,
824 1251 1019 1289 admodum

32 1278 323 1319 adolescentulus
340 1285 377 1319 in
395 1286 517 1322 Sicilia
527 1290 672 1332 praeeffe
693 1294 802 1336 caepit
822 1296 1016 1335 exercitui.

34 1322 157 1371 Quum
177 1335 259 1361 ante
279 1329 356 1371 ejus
375 1330 566 1368 adventum
588 1331 625 1369 δε
645 1336 731 1371 mari
753 1335 790 1373 &
810 1347 904 1376 terra
925 1343 1020 1377 male

28 1376 88 1401 res
107 1379 320 1414 gererentur
335 1373 677 1422 Karthaginiensium
689 1406 701 1425 ,
715 1381 792 1425 ipse
812 1384 875 1419 ubi
886 1385 982 1421 adfui
988 1396 1018 1433 t,

29 1420 209 1456 nunquam
228 1415 322 1452 hosti
342 1419 464 1465 ceint,
491 1433 609 1466 neque
629 1424 749 1461 locum
770 1430 929 1464 nocendi
949 1430 1014 1466 de-

27 1453 103 1490 dit:
129 1456 293 1503 saepeque
315 1472 334 1497 e
354 1466 560 1513 contrario,
583 1468 774 1508 occasione
792 1471 1017 1520 data‚1aces-

26 1496 130 1546 fivst,
155 1503 368 1549 semperque
387 1507 557 1553 superior
574 1511 739 1550 discessit.
791 1515 878 1564 Quo
898 1519 1013 1565 sacto,

28 1554 135 1586 quum
154 1557 256 1590 paene
277 1551 395 1587 omnia
413 1553 451 1589 in
469 1554 593 1591 Sicilia
611 1556 709 1594 Poeni
721 1561 931 1608 amisissent,
944 1564 1013 1600 ille

25 1587 179 1634 Erycem
201 1591 247 1627 fic
265 1593 456 1644 defendit,
484 1608 525 1634 ut
543 1601 678 1638 bellum
699 1614 746 1639 eo
765 1606 853 1643 loco
873 1607 1012 1654 gestum

26 1643 100 1668 non
129 1635 328 1674 videretur.
385 1641 534 1679 Interim
561 1646 874 1694 Karthaginienses
903 1653 1011 1689 class'e

24 1678 120 1721 apud
137 1680 274 1718 Insulas
293 1685 442 1731 AEgates
460 1699 479 1723 a
498 1687 543 1723 C.
570 1688 718 1729 Lutatio
731 1719 743 1739 ,
765 1696 916 1732 consule
927 1697 1009 1733 Ro-

23 1731 233 1771 manorum,
266 1727 448 1776 superati,
475 1731 671 1772 statuerunt
702 1738 793 1775 belli
822 1740 929 1776 finem
957 1743 1012 1778 fa·

23 1775 132 1813 cere,
158 1781 305 1815 eamque
326 1785 399 1810 rem
426 1776 576 1815 arbitrio
603 1782 842 1824 permiserunt
869 1784 1013 1821 Hamil·

24 1811 128 1847 caris.
177 1813 248 1865 Ille
269 1816 331 1852 etsi
351 1819 517 1865 flagrabat
534 1824 698 1862 bellandi
717 1829 940 1875 cupiditate,
956 1840 1008 1867 ta-

21 1864 105 1890 men
127 1867 206 1900 pacx
224 1859 449 1899 serviendum
466 1868 605 1908 putavit
639 1871 740 1913 quod
758 1873 902 1916 patriam
916 1900 927 1918 ‚
941 1886 1007 1911 ex-

20 1898 174 1936 haustam
194 1901 390 1949 sumtibus..
416 1908 552 1946 diutius
573 1895 806 1951 calamitatem
826 1917 914 1954 belli
934 1919 1008 1956 fer-

15 1952 57 1978 -re
77 1955 152 1996 non
172 1948 274 1990 poss'e
293 1952 539 1998 intelligebat:
553 1955 614 1992 sed
632 1958 704 2005 ita,
717 1969 759 1996 ut
778 1960 894 1998 statim
905 1975 1006 2000 men-

8 1994 55 2021 ,te
72 1999 243 2038 agitaret,
269 1992 296 2029 fi
315 1997 475 2039 paullum
494 1999 606 2036 modo
625 2012 681 2039 res
702 2004 815 2042 essent
832 2007 973 2044 refeetae
986 2034 1003 2054 ,

9 2029 158 2073 {bellum
176 2046 372 2089 renovare,
397 2039 660 2127 RomanGosque
678 2050 780 2088 armis
805 2052 973 2134 persqui
985 2080 1001 2099 ‚

4 2086 43 2111 ν’,
959 2108 1006 2136 ο·
