1170 2248
164 36 285 74 XXV.
310 36 403 74 Trr.
427 36 659 77 pomos-ms
681 39 877 80 A‘r’neus.
973 55 1041 90 117

56 84 114 128 ius
132 81 238 119 fieret
255 83 395 122 certior
426 83 462 119 se
480 86 734 128 patrimonium
752 88 898 125 amififl'e
918 86 956 126 δε
976 103 1035 126 re-

57 127 250 171 cuperasse.
276 128 377 163 Idem
397 108 441 164 ἰ.
461 129 593 173 Julium
614 130 801 178 Calidum,
830 145 933 178 quem
952 134 1038 180 post

55 171 222 207 Lucretii
249 171 455 215 Catullique
491 184 645 210 mortem
673 178 790 213 multo
820 180 1037 226 elegantiffi-

55 226 149 250 mum
169 218 314 260 poetam
333 217 485 253 nostram
505 219 622 254 tulisse
648 229 784 256 aetatem
803 234 888 258 vere
906 224 1040 261 videor

53 260 154 304 poss'e
173 262 427 308 contendere,
454 274 571 306 neque
590 264 706 300 minus
732 267 847 303 virum
874 269 1037 314 bonum,

14 314 19 315 ⁷
45 305 271 348 optimisque
300 308 432 342 artibus
461 307 662 353 eruditum,
687 309 771 354 post
796 313 1038 358 proscriptio-

55 360 137 384 nem
167 351 327 393 equitum
346 377 357 396 ,
391 361 545 396 propter
575 364 716 399 magnas
743 357 819 400 ejus
847 356 1039 394 Africanas

52 394 286 437 poffeffiones
307 421 319 440 ,
354 396 392 430 in
419 396 708 440 proscriptorum
736 411 921 437 numerum
950 415 968 437 a
994 402 1036 438 P.

54 439 282 485 Volumnio,
304 441 476 484 praefec'to
496 441 633 477 fabrum
655 442 833 491 Antonii,
854 447 1038 483 absentem

51 483 226 528 relatum,
268 484 468 528 expedivit.
520 485 634 534 Quod
664 488 701 523 in
725 490 891 532 praesenti
918 501 1040 528 utrum

51 527 89 562 ei
109 527 346 574 laboriosius,
373 541 415 564 an
434 530 625 576 gloriosius
644 532 776 577 fuerit,
798 534 947 571 difficile
965 537 1039 572 fuit

53 571 235 614 judicare:
263 573 363 616 quod
388 575 425 608 in
453 585 579 610 eorum
605 577 803 623 periculis,
830 592 905 615 non
931 581 1036 616 secus

56 615 244 661 absentes,
271 629 373 660 quam
400 619 616 664 praesentes,
642 622 776 656 amicos
803 622 935 660 Attico
966 625 1037 660 csse

56 670 149 694 curae
170 661 356 706 cognitum
374 661 437 697 est.
470 661 604 706 Neque
625 676 712 700 vero
731 666 850 703 minus
870 669 935 704 ille
955 671 1033 717 vir,

52 703 170 740 bonus
190 706 444 749 paterfamilias
464 707 605 743 habitus
626 709 699 754 est,
732 721 833 753 quam
853 714 955 750 civis.

276 765 282 771 ·
373 750 404 786 C
428 763 453 786 Λ
479 763 512 786 1².
561 753 691 790 XIII.

52 793 185 863 Nam
207 806 314 838 quum
335 796 422 831 esset
439 798 680 845 pecuniosus,
700 812 808 837 nemo
830 802 899 838 illo
918 803 1038 840 minus

146 838 218 874 fuit
236 851 359 883 emax,
385 840 501 877 minus
522 842 730 880 aedi-ficator.
763 846 897 890 Neque
919 858 1036 884 tamen

50 894 129 918 non
151 883 188 917 in
207 884 330 926 primis
344 887 442 932 ‚bene
463 887 652 932 habitavit,
681 891 917 935 omnibusque
938 894 1038 936 opti-

54 928 120 961 mis
139 928 244 962 rebus
265 929 346 963 usus
369 931 431 965 est.
457 929 550 966 Nam
571 931 717 968 domum
737 935 860 970 habuit
877 937 912 971 in
936 938 1038 973 colle

54 971 239 1020 Quirinali
257 972 546 1020 Tamphilanam,
573 977 614 1011 ab
633 980 814 1015 avunculo
834 981 1036 1017 hereditate

51 1016 232 1050 relietam:
258 1018 359 1061 cujus
379 1019 561 1055 amcenitas
583 1033 657 1056 non
681 1022 859 1069 aedifieio,
886 1025 947 1060 sed
974 1026 1034 1062 sil-

51 1071 94 1094 va
113 1059 309 1096 constabat.
323 1061 442 1105 Ipsum
460 1065 555 1099 enim
573 1068 704 1102 teci-um
730 1069 925 1112 antiquitus
948 1081 1039 1107 con-

53 1103 213 1140 stitutum
264 1107 346 1149 plus
368 1106 471 1151 salis,
498 1120 600 1152 qnam
620 1110 778 1155 sumptus
799 1114 970 1150 habebat:
995 1116 1054 1152 in-

55 1160 128 1191 quo
148 1131 239 1184 nihii
257 1154 513 1198 commutavit,
533 1153 598 1188 nisi
618 1154 641 1189 si
663 1156 749 1198 quid
769 1158 943 1194 vetustate
964 1171 1034 1196 co-

54 1195 149 1228 ac‘ius
170 1193 235 1229 est.
285 1195 378 1230 Usus
399 1195 448 1231 est
465 1198 623 1243 familia,
649 1199 673 1234 si
696 1201 852 1237 utilitate
871 1203 1036 1248 judican-

53 1237 139 1272 dum
159 1237 233 1283 est,
259 1240 416 1282 optima:
438 1240 461 1275 si
481 1242 617 1288 forma,
639 1245 699 1279 vix
718 1246 910 1283 mediocri.
937 1261 1035 1284 nam-

52 1293 123 1324 que
153 1283 189 1317 in
218 1294 259 1318 ea
287 1294 386 1318 erant
413 1287 517 1328 pueri
544 1287 806 1336 litteratiffimi,
832 1293 1035 1337 anagnosta-.-

54 1326 206 1371 optimi,
233 1324 268 1362 &
298 1329 444 1371 plurimi
472 1331 632 1377 librarii,
665 1343 706 1368 ut
734 1346 779 1369 ne
806 1337 1031 1382 pedisequus

52 1370 194 1413 quidem
223 1372 404 1416 quisquam
433 1375 540 1419 esset,
567 1377 627 1420 qui
654 1389 729 1414 non
756 1390 946 1425 utrumque
967 1385 1035 1420 ho-

50 1426 127 1450 rum
145 1416 297 1458 pulchre
314 1417 434 1453 facere
453 1421 583 1463 posl'et.
634 1421 711 1457 Pari
735 1425 856 1460 modo
877 1427 1034 1465 artifices

52 1461 188 1505 ceteri,
216 1473 305 1504 quos
335 1464 453 1498 cultus
479 1464 697 1502 domesticus
730 1468 909 1506 desiderat
926 1498 938 1517 ,
972 1485 1036 1517 ap-

49 1504 165 1547 prime
185 1505 417 1549 boni.neque
436 1517 552 1544 tamen
573 1511 700 1546 horum
720 1517 1032 1561 queniquam,nili

52 1547 153 1583 domi
174 1559 318 1594 natum,
345 1551 517 1595 domique
536 1554 664 1590 factum
683 1557 826 1593 habuit:
853 1563 952 1602 quod
978 1563 1031 1598 cit

51 1591 188 1637 signum
207 1605 281 1629 non
302 1595 417 1631 solum
438 1599 698 1645 continentiae,
725 1601 786 1637 sed
815 1605 921 1640 etiam
949 1606 1035 1643 dili-

49 1637 196 1682 gentiae.
230 1637 321 1674 Nam
343 1639 379 1675 ἃ
399 1652 473 1676 non
495 1643 780 1688 intemperanter
797 1651 1035 1694 concupisce·
1090 1642 1094 1646 .

53 1692 93 1716 re
121 1681 221 1724 quod
249 1695 267 1718 a
293 1685 458 1727 plurimis
487 1687 631 1733 videas,
668 1691 894 1729 continentis
922 1694 1037 1732 debet

53 1725 159 1761 duci:
186 1723 222 1761 &
250 1729 418 1776 [lpotius]
443 1730 653 1778 diligentia,
681 1746 782 1777 quam
802 1739 949 1784 pretio,
972 1752 1034 1784 pa·-

53 1779 153 1815 rare,
188 1782 261 1806 non
290 1774 489 1811 mediocris
518 1775 568 1811 est
601 1778 796 1815 industriae.
848 1783 1032 1832 Elegans,

53 1824 129 1848 non
154 1816 383 1861 magnificus,
406 1818 619 1862 splendidus
638 1849 650 1867 ‚
694 1835 770 1859 non
805 1824 1033 1875 summimus,

55 1858 154 1893 omni
173 1858 362 1905 diligentia
380 1863 591 1900 munditiem
612 1878 687 1902 non
714 1869 916 1905 affluentem
947 1873 1034 1908 affe-

54 1902 387 1948 etabat.‚suppe11ex
407 1907 552 1943 modica
588 1921 662 1945 non
683 1913 868 1958 multa,ut
887 1915 922 1950 in
943 1929 1032 1953 neu-

53 1954 140 1981 tram
158 1957 294 1990 partem
313 1950 477 1994 conspici
496 1935 629 1995 posset.
678 1954 762 1990 Nec
777 1957 1032 2003 hoc-praeteri-

50 1989 124 2035 bo,
152 2002 347 2035 quanquam
372 1997 561 2032 nonnullis
579 1998 660 2033 leve
680 1999 791 2036 visum
822 2003 864 2038 iri
890 2016 1028 2046 putem.

52 2045 160 2080 quum
179 2036 344 2083 inprimis
363 2039 589 2120 lautuslefl'et
609 2054 719 2088 eques
745 2045 860 2086 Rom.
891 2047 928 2085 ἀ
957 2063 1033 2088 non

527 2097 545 2130 3
911 2106 930 2140 1
938 2106 1034 2133 arum

1155 1557 1170 1727 -.--‹-*·.·-‹
1158 1482 1166 1535 n-
1167 1454 1170 1458 t
1160 1424 1163 1431 «
1162 1399 1165 1404 v

1148 1847 1167 1922 'un-s
1152 1762 1169 1840 wes-

1153 2030 1165 2058 ,τῐ
1151 1969 1165 2021 «θ’.
1153 1932 1167 1955 «⁶
