<?xml version="1.0" encoding="UTF-8"?>
<!DOCTYPE html PUBLIC "-//W3C//DTD XHTML 1.0 Transitional//EN"
    "http://www.w3.org/TR/xhtml1/DTD/xhtml1-transitional.dtd">
<html xmlns="http://www.w3.org/1999/xhtml" xml:lang="en" lang="en">
 <head>
  <title>
</title>
<meta http-equiv="Content-Type" content="text/html;charset=utf-8" />
  <meta name='ocr-system' content='tesseract 3.04.00' />
  <meta name='ocr-capabilities' content='ocr_page ocr_carea ocr_par ocr_line ocrx_word'/>
</head>
<body>
  <div class='ocr_page' id='page_1' title='image "./corneliinepotisv00nepo_0057.png"; bbox 0 0 1170 2248; ppageno 0'>
   <div class='ocr_carea' id='block_1_1' title="bbox 11 52 1033 2106">
    <p class='ocr_par' dir='ltr' id='par_1_1' title="bbox 353 52 1033 140">
     <span class='ocr_line' id='line_1_1' title="bbox 353 52 1033 110; baseline 0.018 -20"><span class='ocrx_word' id='word_1_1' title='bbox 353 52 404 91; x_wconf 86' lang='lat' dir='ltr'><strong>X.</strong></span> <span class='ocrx_word' id='word_1_2' title='bbox 470 54 511 92; x_wconf 91' lang='lat' dir='ltr'><strong>D</strong></span> <span class='ocrx_word' id='word_1_3' title='bbox 557 67 574 94; x_wconf 89' lang='lat'>1</span> <span class='ocrx_word' id='word_1_4' title='bbox 617 68 644 94; x_wconf 90' lang='lat' dir='ltr'>o</span> <span class='ocrx_word' id='word_1_5' title='bbox 688 68 730 97; x_wconf 66' lang='lat' dir='ltr'><strong>N.</strong></span> <span class='ocrx_word' id='word_1_6' title='bbox 990 77 1033 110; x_wconf 80' lang='lat'><strong>51</strong></span> 
     </span>
     <span class='ocr_line' id='line_1_2' title="bbox 406 98 671 140; baseline 0.019 -5"><span class='ocrx_word' id='word_1_7' title='bbox 406 98 437 135; x_wconf 93' lang='lat' dir='ltr'>C</span> <span class='ocrx_word' id='word_1_8' title='bbox 460 111 486 136; x_wconf 71' lang='lat' dir='ltr'>A</span> <span class='ocrx_word' id='word_1_9' title='bbox 513 111 546 136; x_wconf 85' lang='lat' dir='ltr'><strong>P.</strong></span> <span class='ocrx_word' id='word_1_10' title='bbox 596 102 671 140; x_wconf 88' lang='lat' dir='ltr'><strong>IV.</strong></span> 
     </span>
    </p>

    <p class='ocr_par' dir='ltr' id='par_1_2' title="bbox 18 139 1030 1219">
     <span class='ocr_line' id='line_1_3' title="bbox 133 139 1030 195; baseline 0.016 -20"><span class='ocrx_word' id='word_1_11' title='bbox 133 140 170 177; x_wconf 84' lang='lat' dir='ltr'><strong>ui</strong></span> <span class='ocrx_word' id='word_1_12' title='bbox 198 139 344 185; x_wconf 75' lang='lat' dir='ltr'><strong>quidem</strong></span> <span class='ocrx_word' id='word_1_13' title='bbox 374 155 483 187; x_wconf 90' lang='lat' dir='ltr'><strong>quum</strong></span> <span class='ocrx_word' id='word_1_14' title='bbox 511 156 531 180; x_wconf 84' lang='lat' dir='ltr'>a</span> <span class='ocrx_word' id='word_1_15' title='bbox 549 145 677 184; x_wconf 86' lang='lat' dir='ltr'><strong>Dione</strong></span> <span class='ocrx_word' id='word_1_16' title='bbox 697 148 733 184; x_wconf 91' lang='lat' dir='ltr'><strong>se</strong></span> <span class='ocrx_word' id='word_1_17' title='bbox 752 148 912 195; x_wconf 84' lang='lat' dir='ltr'><strong>superari</strong></span> <span class='ocrx_word' id='word_1_18' title='bbox 929 151 1030 190; x_wconf 83' lang='lat' dir='ltr'><strong>vide-</strong></span> 
     </span>
     <span class='ocr_line' id='line_1_4' title="bbox 134 187 1029 243; baseline 0.015 -22"><span class='ocrx_word' id='word_1_19' title='bbox 134 194 188 222; x_wconf 90' lang='lat' dir='ltr'><strong>ret</strong></span> <span class='ocrx_word' id='word_1_20' title='bbox 206 187 380 233; x_wconf 78' lang='lat' dir='ltr'><strong>ingenio,</strong></span> <span class='ocrx_word' id='word_1_21' title='bbox 402 189 641 238; x_wconf 59' lang='lat' dir='ltr'><strong>auetoritate,</strong></span> <span class='ocrx_word' id='word_1_22' title='bbox 661 204 781 230; x_wconf 81' lang='lat' dir='ltr'><strong>amore</strong></span> <span class='ocrx_word' id='word_1_23' title='bbox 801 196 954 243; x_wconf 88' lang='lat' dir='ltr'><strong>populi,</strong></span> <span class='ocrx_word' id='word_1_24' title='bbox 967 209 1029 234; x_wconf 86' lang='lat' dir='ltr'><strong>ve-</strong></span> 
     </span>
     <span class='ocr_line' id='line_1_5' title="bbox 46 230 1028 284; baseline 0.015 -20"><span class='ocrx_word' id='word_1_25' title='bbox 46 240 155 276; x_wconf 81' lang='lat' dir='ltr'><strong>rens,</strong></span> <span class='ocrx_word' id='word_1_26' title='bbox 189 241 236 266; x_wconf 86' lang='lat' dir='ltr'><strong>ne</strong></span> <span class='ocrx_word' id='word_1_27' title='bbox 257 230 282 266; x_wconf 88' lang='lat' dir='ltr'><strong>fi</strong></span> <span class='ocrx_word' id='word_1_28' title='bbox 303 243 384 267; x_wconf 89' lang='lat' dir='ltr'><strong>eum</strong></span> <span class='ocrx_word' id='word_1_29' title='bbox 404 233 524 269; x_wconf 88' lang='lat' dir='ltr'><strong>secum</strong></span> <span class='ocrx_word' id='word_1_30' title='bbox 543 236 717 284; x_wconf 85' lang='lat' dir='ltr'><strong>haberet,</strong></span> <span class='ocrx_word' id='word_1_31' title='bbox 753 239 903 284; x_wconf 83' lang='lat' dir='ltr'><strong>aliquam</strong></span> <span class='ocrx_word' id='word_1_32' title='bbox 924 253 1028 278; x_wconf 89' lang='lat' dir='ltr'>occa-</span> 
     </span>
     <span class='ocr_line' id='line_1_6' title="bbox 45 273 1028 328; baseline 0.012 -17"><span class='ocrx_word' id='word_1_33' title='bbox 45 273 181 311; x_wconf 83' lang='lat' dir='ltr'><strong>fionem</strong></span> <span class='ocrx_word' id='word_1_34' title='bbox 209 274 264 310; x_wconf 85' lang='lat' dir='ltr'><strong>sui</strong></span> <span class='ocrx_word' id='word_1_35' title='bbox 292 275 391 312; x_wconf 84' lang='lat' dir='ltr'><strong>daret</strong></span> <span class='ocrx_word' id='word_1_36' title='bbox 419 278 685 328; x_wconf 81' lang='lat' dir='ltr'><strong>opprimendi,</strong></span> <span class='ocrx_word' id='word_1_37' title='bbox 721 295 847 320; x_wconf 82' lang='lat' dir='ltr'><strong>navem</strong></span> <span class='ocrx_word' id='word_1_38' title='bbox 869 286 904 321; x_wconf 89' lang='lat' dir='ltr'><strong>ei</strong></span> <span class='ocrx_word' id='word_1_39' title='bbox 924 287 1028 322; x_wconf 86' lang='lat' dir='ltr'><strong>trire-</strong></span> 
     </span>
     <span class='ocr_line' id='line_1_7' title="bbox 45 318 1028 368; baseline 0.015 -15"><span class='ocrx_word' id='word_1_40' title='bbox 45 328 140 354; x_wconf 87' lang='lat' dir='ltr'><strong>mem</strong></span> <span class='ocrx_word' id='word_1_41' title='bbox 159 318 284 363; x_wconf 85' lang='lat' dir='ltr'><strong>dedit,</strong></span> <span class='ocrx_word' id='word_1_42' title='bbox 306 332 375 364; x_wconf 84' lang='lat' dir='ltr'><strong>qua</strong></span> <span class='ocrx_word' id='word_1_43' title='bbox 394 321 608 358; x_wconf 81' lang='lat' dir='ltr'>Corinthum</span> <span class='ocrx_word' id='word_1_44' title='bbox 627 325 887 365; x_wconf 75' lang='lat' dir='ltr'><strong>deveheretur:</strong></span> <span class='ocrx_word' id='word_1_45' title='bbox 908 329 1028 368; x_wconf 89' lang='lat' dir='ltr'><strong>osten-</strong></span> 
     </span>
     <span class='ocr_line' id='line_1_8' title="bbox 45 361 1028 420; baseline 0.013 -22"><span class='ocrx_word' id='word_1_46' title='bbox 45 361 159 409; x_wconf 82' lang='lat' dir='ltr'><strong>dens,</strong></span> <span class='ocrx_word' id='word_1_47' title='bbox 192 363 228 399; x_wconf 84' lang='lat' dir='ltr'><strong>se</strong></span> <span class='ocrx_word' id='word_1_48' title='bbox 248 365 287 399; x_wconf 87' lang='lat' dir='ltr'><strong>id</strong></span> <span class='ocrx_word' id='word_1_49' title='bbox 307 365 490 410; x_wconf 87' lang='lat' dir='ltr'><strong>utriusque</strong></span> <span class='ocrx_word' id='word_1_50' title='bbox 509 367 626 405; x_wconf 87' lang='lat' dir='ltr'><strong>facere</strong></span> <span class='ocrx_word' id='word_1_51' title='bbox 647 372 781 418; x_wconf 64' lang='lat' dir='ltr'><strong>cauffi,</strong></span> <span class='ocrx_word' id='word_1_52' title='bbox 816 385 884 420; x_wconf 90' lang='lat' dir='ltr'><strong>ne,</strong></span> <span class='ocrx_word' id='word_1_53' title='bbox 920 386 1028 419; x_wconf 84' lang='lat' dir='ltr'><strong>quum</strong></span> 
     </span>
     <span class='ocr_line' id='line_1_9' title="bbox 44 406 1024 464; baseline 0.015 -23"><span class='ocrx_word' id='word_1_54' title='bbox 44 406 142 443; x_wconf 86' lang='lat' dir='ltr'><strong>inter</strong></span> <span class='ocrx_word' id='word_1_55' title='bbox 161 407 195 442; x_wconf 87' lang='lat' dir='ltr'><strong>se</strong></span> <span class='ocrx_word' id='word_1_56' title='bbox 216 408 407 456; x_wconf 79' lang='lat' dir='ltr'><strong>timerent,</strong></span> <span class='ocrx_word' id='word_1_57' title='bbox 433 413 608 449; x_wconf 81' lang='lat' dir='ltr'>alteruter</span> <span class='ocrx_word' id='word_1_58' title='bbox 626 417 776 452; x_wconf 83' lang='lat' dir='ltr'><strong>alterum</strong></span> <span class='ocrx_word' id='word_1_59' title='bbox 795 428 1024 464; x_wconf 78' lang='lat' dir='ltr'><strong>praeoccupa-</strong></span> 
     </span>
     <span class='ocr_line' id='line_1_10' title="bbox 43 451 1027 511; baseline 0.014 -25"><span class='ocrx_word' id='word_1_60' title='bbox 43 461 111 487; x_wconf 77' lang='lat' dir='ltr'><strong>ret.</strong></span> <span class='ocrx_word' id='word_1_61' title='bbox 168 451 210 487; x_wconf 86' lang='lat' dir='ltr'><strong>ld</strong></span> <span class='ocrx_word' id='word_1_62' title='bbox 230 463 338 496; x_wconf 85' lang='lat' dir='ltr'><strong>quum</strong></span> <span class='ocrx_word' id='word_1_63' title='bbox 356 455 488 491; x_wconf 47' lang='lat' dir='ltr'><strong>faci-um</strong></span> <span class='ocrx_word' id='word_1_64' title='bbox 508 459 613 493; x_wconf 87' lang='lat' dir='ltr'><strong>multi</strong></span> <span class='ocrx_word' id='word_1_65' title='bbox 631 459 930 511; x_wconf 81' lang='lat' dir='ltr'>indignarentur,</span> <span class='ocrx_word' id='word_1_66' title='bbox 956 476 1027 500; x_wconf 84' lang='lat' dir='ltr'><strong>ma-</strong></span> 
     </span>
     <span class='ocr_line' id='line_1_11' title="bbox 44 498 1023 555; baseline 0.016 -26"><span class='ocrx_word' id='word_1_67' title='bbox 44 505 193 542; x_wconf 81' lang='lat' dir='ltr'><strong>gnaeque</strong></span> <span class='ocrx_word' id='word_1_68' title='bbox 215 498 302 533; x_wconf 82' lang='lat' dir='ltr'><strong>ess&#39;et</strong></span> <span class='ocrx_word' id='word_1_69' title='bbox 320 499 464 534; x_wconf 86' lang='lat' dir='ltr'><strong>invidiae</strong></span> <span class='ocrx_word' id='word_1_70' title='bbox 484 509 638 545; x_wconf 78' lang='lat' dir='ltr'>tyranno</span> <span class='ocrx_word' id='word_1_71' title='bbox 653 530 665 549; x_wconf 84' lang='lat'>‚</span> <span class='ocrx_word' id='word_1_72' title='bbox 678 503 874 552; x_wconf 73' lang='lat' dir='ltr'><strong>Dionysius</strong></span> <span class='ocrx_word' id='word_1_73' title='bbox 887 510 1023 555; x_wconf 80' lang='lat' dir='ltr'><strong>omnia,</strong></span> 
     </span>
     <span class='ocr_line' id='line_1_12' title="bbox 43 543 1024 600; baseline 0.016 -27"><span class='ocrx_word' id='word_1_74' title='bbox 43 551 121 584; x_wconf 83' lang='lat' dir='ltr'><strong>quae</strong></span> <span class='ocrx_word' id='word_1_75' title='bbox 142 543 280 578; x_wconf 82' lang='lat' dir='ltr'><strong>moveri</strong></span> <span class='ocrx_word' id='word_1_76' title='bbox 297 553 468 586; x_wconf 83' lang='lat' dir='ltr'><strong>poteraut</strong></span> <span class='ocrx_word' id='word_1_77' title='bbox 486 545 643 593; x_wconf 80' lang='lat' dir='ltr'><strong>Dionis,</strong></span> <span class='ocrx_word' id='word_1_78' title='bbox 657 549 695 584; x_wconf 90' lang='lat' dir='ltr'><strong>in</strong></span> <span class='ocrx_word' id='word_1_79' title='bbox 717 562 822 587; x_wconf 80' lang='lat' dir='ltr'><strong>naves</strong></span> <span class='ocrx_word' id='word_1_80' title='bbox 835 552 1024 600; x_wconf 73' lang='lat' dir='ltr'><strong>imposuit,</strong></span> 
     </span>
     <span class='ocr_line' id='line_1_13' title="bbox 41 584 1018 642; baseline 0.013 -22"><span class='ocrx_word' id='word_1_81' title='bbox 41 584 87 620; x_wconf 82' lang='lat' dir='ltr'><strong>ad</strong></span> <span class='ocrx_word' id='word_1_82' title='bbox 108 596 259 630; x_wconf 86' lang='lat' dir='ltr'><strong>cumque</strong></span> <span class='ocrx_word' id='word_1_83' title='bbox 279 587 383 623; x_wconf 78' lang='lat' dir='ltr'><strong>milit.</strong></span> <span class='ocrx_word' id='word_1_84' title='bbox 438 590 497 625; x_wconf 90' lang='lat' dir='ltr'><strong>Sic</strong></span> <span class='ocrx_word' id='word_1_85' title='bbox 518 592 615 627; x_wconf 86' lang='lat' dir='ltr'><strong>enim</strong></span> <span class='ocrx_word' id='word_1_86' title='bbox 635 592 828 630; x_wconf 77' lang='lat' dir='ltr'><strong>existimari</strong></span> <span class='ocrx_word' id='word_1_87' title='bbox 848 598 1018 642; x_wconf 77' lang='lat' dir='ltr'><strong>volebat,</strong></span> 
     </span>
     <span class='ocr_line' id='line_1_14' title="bbox 42 628 1022 680; baseline 0.014 -16"><span class='ocrx_word' id='word_1_88' title='bbox 42 628 83 664; x_wconf 83' lang='lat' dir='ltr'><strong>id</strong></span> <span class='ocrx_word' id='word_1_89' title='bbox 101 629 136 664; x_wconf 91' lang='lat' dir='ltr'><strong>se</strong></span> <span class='ocrx_word' id='word_1_90' title='bbox 157 642 232 667; x_wconf 90' lang='lat' dir='ltr'><strong>uon</strong></span> <span class='ocrx_word' id='word_1_91' title='bbox 252 632 343 668; x_wconf 84' lang='lat' dir='ltr'><strong>odio</strong></span> <span class='ocrx_word' id='word_1_92' title='bbox 362 634 520 670; x_wconf 86' lang='lat' dir='ltr'><strong>hominis</strong></span> <span class='ocrx_word' id='word_1_93' title='bbox 541 661 552 680; x_wconf 87' lang='lat'>‚</span> <span class='ocrx_word' id='word_1_94' title='bbox 587 636 650 671; x_wconf 91' lang='lat' dir='ltr'><strong>sed</strong></span> <span class='ocrx_word' id='word_1_95' title='bbox 668 637 738 672; x_wconf 85' lang='lat' dir='ltr'><strong>suae</strong></span> <span class='ocrx_word' id='word_1_96' title='bbox 756 639 879 676; x_wconf 84' lang='lat' dir='ltr'><strong>salutis</strong></span> <span class='ocrx_word' id='word_1_97' title='bbox 898 643 1022 679; x_wconf 75' lang='lat' dir='ltr'><strong>fecisse</strong></span> 
     </span>
     <span class='ocr_line' id='line_1_15' title="bbox 41 674 1022 722; baseline 0.015 -15"><span class='ocrx_word' id='word_1_98' title='bbox 41 674 166 709; x_wconf 84' lang='lat' dir='ltr'><strong>cauffa.</strong></span> <span class='ocrx_word' id='word_1_99' title='bbox 213 674 343 711; x_wconf 86' lang='lat' dir='ltr'><strong>Postea</strong></span> <span class='ocrx_word' id='word_1_100' title='bbox 362 688 450 713; x_wconf 91' lang='lat' dir='ltr'><strong>vero</strong></span> <span class='ocrx_word' id='word_1_101' title='bbox 471 690 573 722; x_wconf 79' lang='lat' dir='ltr'><strong>quam</strong></span> <span class='ocrx_word' id='word_1_102' title='bbox 594 680 733 717; x_wconf 88' lang='lat' dir='ltr'><strong>audivit</strong></span> <span class='ocrx_word' id='word_1_103' title='bbox 753 693 834 718; x_wconf 86' lang='lat' dir='ltr'><strong>eum</strong></span> <span class='ocrx_word' id='word_1_104' title='bbox 854 685 891 720; x_wconf 88' lang='lat' dir='ltr'><strong>in</strong></span> <span class='ocrx_word' id='word_1_105' title='bbox 912 685 1022 722; x_wconf 87' lang='lat' dir='ltr'><strong>Pelo-</strong></span> 
     </span>
     <span class='ocr_line' id='line_1_16' title="bbox 39 719 1022 770; baseline 0.015 -18"><span class='ocrx_word' id='word_1_106' title='bbox 39 719 206 763; x_wconf 85' lang='lat' dir='ltr'><strong>ponneso</strong></span> <span class='ocrx_word' id='word_1_107' title='bbox 225 731 363 755; x_wconf 83' lang='lat' dir='ltr'><strong>manum</strong></span> <span class='ocrx_word' id='word_1_108' title='bbox 382 733 609 770; x_wconf 80' lang='lat' dir='ltr'><strong>comparare,</strong></span> <span class='ocrx_word' id='word_1_109' title='bbox 623 723 756 770; x_wconf 79' lang='lat' dir='ltr'><strong>sibique</strong></span> <span class='ocrx_word' id='word_1_110' title='bbox 777 729 1022 767; x_wconf 83' lang='lat' dir='ltr'><strong>bellumface-</strong></span> 
     </span>
     <span class='ocr_line' id='line_1_17' title="bbox 37 764 1021 819; baseline 0.015 -22"><span class='ocrx_word' id='word_1_111' title='bbox 37 773 76 797; x_wconf 85' lang='lat' dir='ltr'><strong>re</strong></span> <span class='ocrx_word' id='word_1_112' title='bbox 97 764 246 808; x_wconf 76' lang='lat' dir='ltr'><strong>conari3</strong></span> <span class='ocrx_word' id='word_1_113' title='bbox 270 764 410 801; x_wconf 79' lang='lat' dir='ltr'><strong>Areten</strong></span> <span class='ocrx_word' id='word_1_114' title='bbox 431 765 567 804; x_wconf 77' lang='lat' dir='ltr'><strong>Dionis</strong></span> <span class='ocrx_word' id='word_1_115' title='bbox 588 781 762 817; x_wconf 78' lang='lat' dir='ltr'><strong>uxorem,</strong></span> <span class='ocrx_word' id='word_1_116' title='bbox 788 773 850 809; x_wconf 83' lang='lat' dir='ltr'><strong>alii</strong></span> <span class='ocrx_word' id='word_1_117' title='bbox 869 785 1021 819; x_wconf 87' lang='lat' dir='ltr'><strong>nuptum</strong></span> 
     </span>
     <span class='ocr_line' id='line_1_18' title="bbox 37 805 1022 864; baseline 0.015 -23"><span class='ocrx_word' id='word_1_118' title='bbox 37 805 162 852; x_wconf 83' lang='lat' dir='ltr'><strong>dedit,</strong></span> <span class='ocrx_word' id='word_1_119' title='bbox 196 807 381 854; x_wconf 86' lang='lat' dir='ltr'><strong>filiumque</strong></span> <span class='ocrx_word' id='word_1_120' title='bbox 408 813 484 856; x_wconf 84' lang='lat' dir='ltr'><strong>ejus</strong></span> <span class='ocrx_word' id='word_1_121' title='bbox 513 812 560 847; x_wconf 87' lang='lat' dir='ltr'><strong>fic</strong></span> <span class='ocrx_word' id='word_1_122' title='bbox 591 814 736 851; x_wconf 78' lang='lat' dir='ltr'><strong>educari</strong></span> <span class='ocrx_word' id='word_1_123' title='bbox 755 817 871 864; x_wconf 73' lang='lat' dir='ltr'><strong>justit,</strong></span> <span class='ocrx_word' id='word_1_124' title='bbox 907 830 947 855; x_wconf 90' lang='lat' dir='ltr'><strong>ut</strong></span> <span class='ocrx_word' id='word_1_125' title='bbox 965 821 1022 856; x_wconf 87' lang='lat' dir='ltr'><strong>in-</strong></span> 
     </span>
     <span class='ocr_line' id='line_1_19' title="bbox 37 849 1017 906; baseline 0.016 -21"><span class='ocrx_word' id='word_1_126' title='bbox 37 849 225 897; x_wconf 81' lang='lat' dir='ltr'><strong>dulgendo</strong></span> <span class='ocrx_word' id='word_1_127' title='bbox 263 855 464 897; x_wconf 78' lang='lat' dir='ltr'><strong>turpissiinis</strong></span> <span class='ocrx_word' id='word_1_128' title='bbox 495 857 718 895; x_wconf 84' lang='lat' dir='ltr'><strong>imbueretur</strong></span> <span class='ocrx_word' id='word_1_129' title='bbox 745 862 1017 906; x_wconf 71' lang='lat' dir='ltr'>cupiditatibus.</span> 
     </span>
     <span class='ocr_line' id='line_1_20' title="bbox 36 892 1021 950; baseline 0.016 -21"><span class='ocrx_word' id='word_1_130' title='bbox 36 892 132 930; x_wconf 84' lang='lat' dir='ltr'><strong>Nam</strong></span> <span class='ocrx_word' id='word_1_131' title='bbox 153 907 290 950; x_wconf 73' lang='lat' dir='ltr'><strong>puero²</strong></span> <span class='ocrx_word' id='word_1_132' title='bbox 303 900 504 943; x_wconf 72' lang='lat' dir='ltr'><strong>priusquam</strong></span> <span class='ocrx_word' id='word_1_133' title='bbox 523 903 637 945; x_wconf 85' lang='lat' dir='ltr'><strong>pubes</strong></span> <span class='ocrx_word' id='word_1_134' title='bbox 656 905 763 950; x_wconf 69' lang='lat' dir='ltr'><strong>esset,</strong></span> <span class='ocrx_word' id='word_1_135' title='bbox 777 907 894 943; x_wconf 80' lang='lat' dir='ltr'><strong>scorta</strong></span> <span class='ocrx_word' id='word_1_136' title='bbox 907 908 1021 944; x_wconf 85' lang='lat' dir='ltr'><strong>addu-</strong></span> 
     </span>
     <span class='ocr_line' id='line_1_21' title="bbox 38 941 1018 996; baseline 0.016 -23"><span class='ocrx_word' id='word_1_137' title='bbox 38 941 230 976; x_wconf 81' lang='lat' dir='ltr'><strong>cebantur:</strong></span> <span class='ocrx_word' id='word_1_138' title='bbox 250 954 339 980; x_wconf 76' lang='lat' dir='ltr'><strong>vino</strong></span> <span class='ocrx_word' id='word_1_139' title='bbox 363 947 552 989; x_wconf 86' lang='lat' dir='ltr'><strong>epulisque</strong></span> <span class='ocrx_word' id='word_1_140' title='bbox 574 948 941 996; x_wconf 79' lang='lat' dir='ltr'><strong>obruebatm·,neque</strong></span> <span class='ocrx_word' id='word_1_141' title='bbox 963 955 1018 989; x_wconf 89' lang='lat' dir='ltr'><strong>ul-</strong></span> 
     </span>
     <span class='ocr_line' id='line_1_22' title="bbox 18 983 1016 1040; baseline 0.016 -23"><span class='ocrx_word' id='word_1_142' title='bbox 18 983 111 1018; x_wconf 87' lang='lat' dir='ltr'><strong>·lum</strong></span> <span class='ocrx_word' id='word_1_143' title='bbox 141 994 282 1030; x_wconf 86' lang='lat' dir='ltr'><strong>tempus</strong></span> <span class='ocrx_word' id='word_1_144' title='bbox 311 988 432 1025; x_wconf 86' lang='lat' dir='ltr'><strong>sobrio</strong></span> <span class='ocrx_word' id='word_1_145' title='bbox 452 991 736 1034; x_wconf 79' lang='lat' dir='ltr'><strong>relinquebatur.</strong></span> <span class='ocrx_word' id='word_1_146' title='bbox 782 995 817 1030; x_wconf 91' lang='lat' dir='ltr'><strong>Is</strong></span> <span class='ocrx_word' id='word_1_147' title='bbox 837 997 946 1040; x_wconf 86' lang='lat' dir='ltr'><strong>usque</strong></span> <span class='ocrx_word' id='word_1_148' title='bbox 967 1009 1016 1034; x_wconf 90' lang='lat' dir='ltr'><strong>eo</strong></span> 
     </span>
     <span class='ocr_line' id='line_1_23' title="bbox 33 1027 1017 1086; baseline 0.015 -25"><span class='ocrx_word' id='word_1_149' title='bbox 33 1027 118 1062; x_wconf 80' lang='lat' dir='ltr'><strong>vitae</strong></span> <span class='ocrx_word' id='word_1_150' title='bbox 138 1028 264 1065; x_wconf 82' lang='lat' dir='ltr'><strong>statum</strong></span> <span class='ocrx_word' id='word_1_151' title='bbox 284 1043 540 1069; x_wconf 78' lang='lat' dir='ltr'><strong>commutatum</strong></span> <span class='ocrx_word' id='word_1_152' title='bbox 557 1037 653 1071; x_wconf 84' lang='lat' dir='ltr'><strong>ferre</strong></span> <span class='ocrx_word' id='word_1_153' title='bbox 673 1050 747 1074; x_wconf 88' lang='lat' dir='ltr'><strong>non</strong></span> <span class='ocrx_word' id='word_1_154' title='bbox 760 1041 904 1086; x_wconf 80' lang='lat' dir='ltr'><strong>potuit,</strong></span> <span class='ocrx_word' id='word_1_155' title='bbox 918 1041 1017 1086; x_wconf 88' lang='lat' dir='ltr'>post-</span> 
     </span>
     <span class='ocr_line' id='line_1_24' title="bbox 36 1075 1015 1129; baseline 0.017 -23"><span class='ocrx_word' id='word_1_156' title='bbox 36 1083 138 1115; x_wconf 88' lang='lat' dir='ltr'><strong>quam</strong></span> <span class='ocrx_word' id='word_1_157' title='bbox 158 1075 194 1109; x_wconf 91' lang='lat' dir='ltr'><strong>in</strong></span> <span class='ocrx_word' id='word_1_158' title='bbox 219 1077 365 1117; x_wconf 81' lang='lat' dir='ltr'><strong>patriam</strong></span> <span class='ocrx_word' id='word_1_159' title='bbox 386 1078 495 1113; x_wconf 87' lang='lat' dir='ltr'><strong>rediit</strong></span> <span class='ocrx_word' id='word_1_160' title='bbox 514 1089 639 1126; x_wconf 73' lang='lat' dir='ltr'><strong>pater,</strong></span> <span class='ocrx_word' id='word_1_161' title='bbox 667 1083 838 1127; x_wconf 81' lang='lat' dir='ltr'><strong>(namque</strong></span> <span class='ocrx_word' id='word_1_162' title='bbox 859 1085 1015 1129; x_wconf 81' lang='lat' dir='ltr'><strong>appofiti</strong></span> 
     </span>
     <span class='ocr_line' id='line_1_25' title="bbox 34 1119 1015 1169; baseline 0.016 -19"><span class='ocrx_word' id='word_1_163' title='bbox 34 1126 134 1152; x_wconf 83' lang='lat' dir='ltr'><strong>erant</strong></span> <span class='ocrx_word' id='word_1_164' title='bbox 162 1119 328 1156; x_wconf 85' lang='lat' dir='ltr'><strong>custodes</strong></span> <span class='ocrx_word' id='word_1_165' title='bbox 349 1148 361 1166; x_wconf 90' lang='lat'>,</span> <span class='ocrx_word' id='word_1_166' title='bbox 396 1123 455 1165; x_wconf 91' lang='lat' dir='ltr'><strong>qui</strong></span> <span class='ocrx_word' id='word_1_167' title='bbox 475 1134 554 1159; x_wconf 86' lang='lat' dir='ltr'><strong>eum</strong></span> <span class='ocrx_word' id='word_1_168' title='bbox 576 1137 594 1160; x_wconf 84' lang='lat' dir='ltr'>a</span> <span class='ocrx_word' id='word_1_169' title='bbox 612 1127 765 1169; x_wconf 84' lang='lat' dir='ltr'><strong>pristino</strong></span> <span class='ocrx_word' id='word_1_170' title='bbox 785 1129 881 1164; x_wconf 62' lang='lat' dir='ltr'><strong>viem</strong></span> <span class='ocrx_word' id='word_1_171' title='bbox 902 1130 1015 1166; x_wconf 88' lang='lat' dir='ltr'><strong>dedu-</strong></span> 
     </span>
     <span class='ocr_line' id='line_1_26' title="bbox 35 1165 1014 1219; baseline 0.016 -24"><span class='ocrx_word' id='word_1_172' title='bbox 35 1165 180 1208; x_wconf 83' lang='lat' dir='ltr'><strong>cerent)</strong></span> <span class='ocrx_word' id='word_1_173' title='bbox 210 1174 249 1199; x_wconf 89' lang='lat' dir='ltr'><strong>ut</strong></span> <span class='ocrx_word' id='word_1_174' title='bbox 267 1165 302 1200; x_wconf 81' lang='lat' dir='ltr'><strong>se</strong></span> <span class='ocrx_word' id='word_1_175' title='bbox 324 1166 369 1202; x_wconf 91' lang='lat' dir='ltr'><strong>de</strong></span> <span class='ocrx_word' id='word_1_176' title='bbox 390 1168 578 1211; x_wconf 82' lang='lat' dir='ltr'><strong>superiore</strong></span> <span class='ocrx_word' id='word_1_177' title='bbox 598 1181 699 1214; x_wconf 85' lang='lat' dir='ltr'><strong>parte</strong></span> <span class='ocrx_word' id='word_1_178' title='bbox 721 1172 848 1208; x_wconf 78' lang='lat' dir='ltr'><strong>aedium</strong></span> <span class='ocrx_word' id='word_1_179' title='bbox 867 1173 1014 1219; x_wconf 75' lang='lat' dir='ltr'><strong>deiece-</strong></span> 
     </span>
    </p>

    <p class='ocr_par' dir='ltr' id='par_1_3' title="bbox 33 1204 943 1294">
     <span class='ocr_line' id='line_1_27' title="bbox 33 1204 943 1294; baseline 0.016 -54"><span class='ocrx_word' id='word_1_180' title='bbox 33 1204 103 1250; x_wconf 79' lang='lat' dir='ltr'><strong>rit,</strong></span> <span class='ocrx_word' id='word_1_181' title='bbox 129 1217 234 1251; x_wconf 79' lang='lat' dir='ltr'><strong>atque</strong></span> <span class='ocrx_word' id='word_1_182' title='bbox 257 1210 305 1245; x_wconf 78' lang='lat' dir='ltr'><strong>ita</strong></span> <span class='ocrx_word' id='word_1_183' title='bbox 325 1211 516 1291; x_wconf 54' lang='lat' dir='ltr'><strong>inteigeiit.</strong></span> <span class='ocrx_word' id='word_1_184' title='bbox 565 1214 636 1294; x_wconf 40' lang='lat' dir='ltr'><strong>Sext}</strong></span> <span class='ocrx_word' id='word_1_185' title='bbox 655 1217 744 1252; x_wconf 88' lang='lat' dir='ltr'><strong>illue</strong></span> <span class='ocrx_word' id='word_1_186' title='bbox 764 1228 943 1255; x_wconf 83' lang='lat' dir='ltr'><strong>revertor.</strong></span> 
     </span>
    </p>

    <p class='ocr_par' dir='ltr' id='par_1_4' title="bbox 92 1266 642 1294">
     <span class='ocr_line' id='line_1_28' title="bbox 92 1266 642 1294; baseline 0.013 -7"><span class='ocrx_word' id='word_1_187' title='bbox 92 1266 97 1269; x_wconf 91' lang='lat'><em>·</em></span> <span class='ocrx_word' id='word_1_188' title='bbox 461 1268 486 1292; x_wconf 77' lang='lat' dir='ltr'>A</span> <span class='ocrx_word' id='word_1_189' title='bbox 512 1269 545 1292; x_wconf 86' lang='lat' dir='ltr'><strong>P.</strong></span> <span class='ocrx_word' id='word_1_190' title='bbox 632 1284 642 1294; x_wconf 85' lang='lat'><strong>.</strong></span> 
     </span>
    </p>

    <p class='ocr_par' dir='ltr' id='par_1_5' title="bbox 11 1293 1013 2106">
     <span class='ocr_line' id='line_1_29' title="bbox 31 1293 1013 1362; baseline 0.017 -33"><span class='ocrx_word' id='word_1_191' title='bbox 31 1293 87 1362; x_wconf 86' lang='lat' dir='ltr'>P</span> <span class='ocrx_word' id='word_1_192' title='bbox 102 1294 261 1339; x_wconf 77' lang='lat' dir='ltr'><strong>ostquam</strong></span> <span class='ocrx_word' id='word_1_193' title='bbox 291 1297 506 1336; x_wconf 75' lang='lat' dir='ltr'><strong>CorInthum</strong></span> <span class='ocrx_word' id='word_1_194' title='bbox 533 1305 700 1345; x_wconf 81' lang='lat' dir='ltr'><strong>pervenit</strong></span> <span class='ocrx_word' id='word_1_195' title='bbox 718 1304 820 1343; x_wconf 89' lang='lat' dir='ltr'><strong>Dion</strong></span> <span class='ocrx_word' id='word_1_196' title='bbox 841 1332 853 1352; x_wconf 86' lang='lat'>,</span> <span class='ocrx_word' id='word_1_197' title='bbox 888 1305 926 1344; x_wconf 65' lang='grc' dir='ltr'><strong>ἅ.</strong></span> <span class='ocrx_word' id='word_1_198' title='bbox 948 1319 1013 1346; x_wconf 86' lang='lat' dir='ltr'><strong>eo-</strong></span> 
     </span>
     <span class='ocr_line' id='line_1_30' title="bbox 100 1339 1013 1398; baseline 0.018 -24"><span class='ocrx_word' id='word_1_199' title='bbox 100 1339 179 1376; x_wconf 77' lang='lat' dir='ltr'><strong>deni</strong></span> <span class='ocrx_word' id='word_1_200' title='bbox 208 1343 369 1390; x_wconf 83' lang='lat' dir='ltr'><strong>perfugit</strong></span> <span class='ocrx_word' id='word_1_201' title='bbox 389 1344 603 1383; x_wconf 81' lang='lat' dir='ltr'><strong>Heraclides</strong></span> <span class='ocrx_word' id='word_1_202' title='bbox 671 1351 712 1385; x_wconf 81' lang='lat' dir='ltr'><strong>ab</strong></span> <span class='ocrx_word' id='word_1_203' title='bbox 734 1352 863 1387; x_wconf 84' lang='lat' dir='ltr'><strong>eodem</strong></span> <span class='ocrx_word' id='word_1_204' title='bbox 884 1355 1013 1398; x_wconf 76' lang='lat' dir='ltr'><strong>expul-</strong></span> 
     </span>
     <span class='ocr_line' id='line_1_31' title="bbox 28 1374 1010 1439; baseline 0.016 -22"><span class='ocrx_word' id='word_1_205' title='bbox 28 1381 86 1419; x_wconf 80' lang='lat' dir='ltr'><strong>sus</strong></span> <span class='ocrx_word' id='word_1_206' title='bbox 106 1383 285 1432; x_wconf 74' lang='lat' dir='ltr'><strong>Dionysio</strong></span> <span class='ocrx_word' id='word_1_207' title='bbox 299 1415 310 1434; x_wconf 85' lang='lat'>‚</span> <span class='ocrx_word' id='word_1_208' title='bbox 324 1390 386 1431; x_wconf 87' lang='lat' dir='ltr'><strong>qui</strong></span> <span class='ocrx_word' id='word_1_209' title='bbox 406 1390 592 1434; x_wconf 65' lang='lat' dir='ltr'><strong>praefefftus</strong></span> <span class='ocrx_word' id='word_1_210' title='bbox 612 1374 728 1430; x_wconf 52' lang='lat' dir='ltr'><strong>fuerat</strong></span> <span class='ocrx_word' id='word_1_211' title='bbox 748 1397 920 1439; x_wconf 86' lang='lat' dir='ltr'><strong>equitum:</strong></span> <span class='ocrx_word' id='word_1_212' title='bbox 933 1410 1010 1434; x_wconf 86' lang='lat' dir='ltr'><strong>om-</strong></span> 
     </span>
     <span class='ocr_line' id='line_1_32' title="bbox 30 1427 1009 1482; baseline 0.017 -20"><span class='ocrx_word' id='word_1_213' title='bbox 30 1427 69 1463; x_wconf 88' lang='lat' dir='ltr'><strong>ni</strong></span> <span class='ocrx_word' id='word_1_214' title='bbox 88 1430 232 1466; x_wconf 79' lang='lat' dir='ltr'><strong>ratione</strong></span> <span class='ocrx_word' id='word_1_215' title='bbox 254 1432 388 1468; x_wconf 88' lang='lat' dir='ltr'><strong>bellum</strong></span> <span class='ocrx_word' id='word_1_216' title='bbox 409 1445 613 1478; x_wconf 81' lang='lat' dir='ltr'><strong>comparare</strong></span> <span class='ocrx_word' id='word_1_217' title='bbox 626 1449 825 1482; x_wconf 83' lang='lat' dir='ltr'><strong>coeperunt.</strong></span> <span class='ocrx_word' id='word_1_218' title='bbox 851 1442 920 1477; x_wconf 86' lang='lat' dir='ltr'><strong>Sed</strong></span> <span class='ocrx_word' id='word_1_219' title='bbox 933 1455 1009 1479; x_wconf 87' lang='lat' dir='ltr'><strong>non</strong></span> 
     </span>
     <span class='ocr_line' id='line_1_33' title="bbox 28 1474 1010 1524; baseline 0.017 -18"><span class='ocrx_word' id='word_1_220' title='bbox 28 1474 179 1509; x_wconf 86' lang='lat' dir='ltr'><strong>multum</strong></span> <span class='ocrx_word' id='word_1_221' title='bbox 199 1475 465 1524; x_wconf 84' lang='lat' dir='ltr'><strong>proficiebant,</strong></span> <span class='ocrx_word' id='word_1_222' title='bbox 502 1481 600 1523; x_wconf 85' lang='lat' dir='ltr'><strong>quod</strong></span> <span class='ocrx_word' id='word_1_223' title='bbox 621 1486 814 1520; x_wconf 81' lang='lat' dir='ltr'><strong>multorum</strong></span> <span class='ocrx_word' id='word_1_224' title='bbox 835 1497 1010 1522; x_wconf 82' lang='lat' dir='ltr'><strong>annorum</strong></span> 
     </span>
     <span class='ocr_line' id='line_1_34' title="bbox 28 1519 1009 1578; baseline 0.016 -27"><span class='ocrx_word' id='word_1_225' title='bbox 28 1519 187 1562; x_wconf 76' lang='lat' dir='ltr'><strong>tyrannis</strong></span> <span class='ocrx_word' id='word_1_226' title='bbox 216 1532 415 1566; x_wconf 79' lang='lat' dir='ltr'><strong>magnarum</strong></span> <span class='ocrx_word' id='word_1_227' title='bbox 436 1535 545 1566; x_wconf 88' lang='lat' dir='ltr'><strong>opum</strong></span> <span class='ocrx_word' id='word_1_228' title='bbox 565 1528 765 1569; x_wconf 78' lang='lat' dir='ltr'><strong>putabatur.</strong></span> <span class='ocrx_word' id='word_1_229' title='bbox 824 1530 939 1578; x_wconf 83' lang='lat' dir='ltr'><strong>Quam</strong></span> <span class='ocrx_word' id='word_1_230' title='bbox 960 1532 1009 1567; x_wconf 89' lang='lat' dir='ltr'><strong>ob</strong></span> 
     </span>
     <span class='ocr_line' id='line_1_35' title="bbox 26 1562 1008 1617; baseline 0.016 -22"><span class='ocrx_word' id='word_1_231' title='bbox 26 1562 176 1598; x_wconf 82' lang='lat' dir='ltr'><strong>caussam</strong></span> <span class='ocrx_word' id='word_1_232' title='bbox 204 1566 309 1607; x_wconf 81' lang='lat' dir='ltr'><strong>pauci</strong></span> <span class='ocrx_word' id='word_1_233' title='bbox 337 1566 380 1601; x_wconf 82' lang='lat' dir='ltr'><strong>ad</strong></span> <span class='ocrx_word' id='word_1_234' title='bbox 408 1567 619 1606; x_wconf 82' lang='lat' dir='ltr'><strong>societatem</strong></span> <span class='ocrx_word' id='word_1_235' title='bbox 648 1573 802 1615; x_wconf 88' lang='lat' dir='ltr'><strong>periculi</strong></span> <span class='ocrx_word' id='word_1_236' title='bbox 833 1575 1008 1617; x_wconf 89' lang='lat' dir='ltr'><strong>perduce-</strong></span> 
     </span>
     <span class='ocr_line' id='line_1_36' title="bbox 26 1604 1005 1665; baseline 0.016 -25"><span class='ocrx_word' id='word_1_237' title='bbox 26 1604 168 1643; x_wconf 82' lang='lat' dir='ltr'><strong>bantur.</strong></span> <span class='ocrx_word' id='word_1_238' title='bbox 215 1609 286 1645; x_wconf 89' lang='lat' dir='ltr'><strong>Sed</strong></span> <span class='ocrx_word' id='word_1_239' title='bbox 315 1610 418 1647; x_wconf 87' lang='lat' dir='ltr'><strong>Dion</strong></span> <span class='ocrx_word' id='word_1_240' title='bbox 444 1612 557 1649; x_wconf 85' lang='lat' dir='ltr'><strong>fretus</strong></span> <span class='ocrx_word' id='word_1_241' title='bbox 588 1627 664 1651; x_wconf 90' lang='lat' dir='ltr'><strong>non</strong></span> <span class='ocrx_word' id='word_1_242' title='bbox 685 1625 752 1652; x_wconf 84' lang='lat' dir='ltr'><strong>tam</strong></span> <span class='ocrx_word' id='word_1_243' title='bbox 773 1618 842 1654; x_wconf 84' lang='lat' dir='ltr'><strong>suis</strong></span> <span class='ocrx_word' id='word_1_244' title='bbox 862 1620 1005 1665; x_wconf 79' lang='lat' dir='ltr'><strong>copiis,</strong></span> 
     </span>
     <span class='ocr_line' id='line_1_37' title="bbox 25 1652 1008 1707; baseline 0.018 -24"><span class='ocrx_word' id='word_1_245' title='bbox 25 1660 127 1692; x_wconf 84' lang='lat' dir='ltr'><strong>quam</strong></span> <span class='ocrx_word' id='word_1_246' title='bbox 148 1652 236 1689; x_wconf 84' lang='lat' dir='ltr'><strong>odio</strong></span> <span class='ocrx_word' id='word_1_247' title='bbox 257 1657 422 1701; x_wconf 72' lang='lat' dir='ltr'><strong>tyranni,</strong></span> <span class='ocrx_word' id='word_1_248' title='bbox 435 1659 588 1695; x_wconf 78' lang='lat' dir='ltr'><strong>maximo</strong></span> <span class='ocrx_word' id='word_1_249' title='bbox 609 1661 750 1707; x_wconf 82' lang='lat' dir='ltr'><strong>animo,</strong></span> <span class='ocrx_word' id='word_1_250' title='bbox 763 1662 896 1700; x_wconf 81' lang='lat' dir='ltr'><strong>duabus</strong></span> <span class='ocrx_word' id='word_1_251' title='bbox 918 1675 1008 1700; x_wconf 87' lang='lat' dir='ltr'><strong>one-</strong></span> 
     </span>
     <span class='ocr_line' id='line_1_38' title="bbox 25 1695 1004 1753; baseline 0.017 -24"><span class='ocrx_word' id='word_1_252' title='bbox 25 1695 122 1730; x_wconf 81' lang='lat' dir='ltr'><strong>rariis</strong></span> <span class='ocrx_word' id='word_1_253' title='bbox 144 1699 290 1734; x_wconf 80' lang='lat' dir='ltr'><strong>navibus</strong></span> <span class='ocrx_word' id='word_1_254' title='bbox 303 1726 314 1744; x_wconf 79' lang='lat'>‚</span> <span class='ocrx_word' id='word_1_255' title='bbox 327 1701 583 1747; x_wconf 81' lang='lat' dir='ltr'><strong>quinquaginta</strong></span> <span class='ocrx_word' id='word_1_256' title='bbox 601 1716 775 1742; x_wconf 85' lang='lat' dir='ltr'><strong>annorum</strong></span> <span class='ocrx_word' id='word_1_257' title='bbox 793 1708 1004 1753; x_wconf 84' lang='lat' dir='ltr'><strong>imperium,</strong></span> 
     </span>
     <span class='ocr_line' id='line_1_39' title="bbox 26 1740 1006 1797; baseline 0.017 -24"><span class='ocrx_word' id='word_1_258' title='bbox 26 1740 202 1776; x_wconf 82' lang='lat' dir='ltr'><strong>munitum</strong></span> <span class='ocrx_word' id='word_1_259' title='bbox 231 1744 438 1790; x_wconf 82' lang='lat' dir='ltr'><strong>quingentis</strong></span> <span class='ocrx_word' id='word_1_260' title='bbox 456 1747 581 1793; x_wconf 64' lang='lat' dir='ltr'><strong>&gt;longis</strong></span> <span class='ocrx_word' id='word_1_261' title='bbox 603 1751 749 1786; x_wconf 84' lang='lat' dir='ltr'><strong>navibus</strong></span> <span class='ocrx_word' id='word_1_262' title='bbox 770 1778 782 1797; x_wconf 86' lang='lat'><em>‚</em></span> <span class='ocrx_word' id='word_1_263' title='bbox 818 1752 945 1789; x_wconf 86' lang='lat' dir='ltr'><strong>decem</strong></span> <span class='ocrx_word' id='word_1_264' title='bbox 968 1765 1006 1788; x_wconf 89' lang='lat' dir='ltr'><strong>e-</strong></span> 
     </span>
     <span class='ocr_line' id='line_1_40' title="bbox 24 1783 1007 1840; baseline 0.018 -24"><span class='ocrx_word' id='word_1_265' title='bbox 24 1783 160 1826; x_wconf 88' lang='lat' dir='ltr'><strong>quitum</strong></span> <span class='ocrx_word' id='word_1_266' title='bbox 173 1811 185 1829; x_wconf 79' lang='grc'>,</span> <span class='ocrx_word' id='word_1_267' title='bbox 198 1797 342 1823; x_wconf 87' lang='lat' dir='ltr'><strong>centum</strong></span> <span class='ocrx_word' id='word_1_268' title='bbox 361 1790 524 1832; x_wconf 79' lang='lat' dir='ltr'><strong>peditum</strong></span> <span class='ocrx_word' id='word_1_269' title='bbox 543 1794 704 1830; x_wconf 82' lang='lat' dir='ltr'><strong>millibus</strong></span> <span class='ocrx_word' id='word_1_270' title='bbox 716 1821 728 1840; x_wconf 77' lang='grc'>,</span> <span class='ocrx_word' id='word_1_271' title='bbox 741 1797 926 1839; x_wconf 67' lang='grc' dir='ltr'>ΡιὉΐεᾶὶιιε</span> <span class='ocrx_word' id='word_1_272' title='bbox 940 1808 1007 1840; x_wconf 80' lang='lat' dir='ltr'><strong>op-</strong></span> 
     </span>
     <span class='ocr_line' id='line_1_41' title="bbox 23 1835 1005 1880; baseline 0.017 -20"><span class='ocrx_word' id='word_1_273' title='bbox 23 1837 249 1875; x_wconf 79' lang='lat' dir='ltr'><strong>pugnatum,</strong></span> <span class='ocrx_word' id='word_1_274' title='bbox 283 1835 382 1874; x_wconf 85' lang='lat' dir='ltr'><strong>quod</strong></span> <span class='ocrx_word' id='word_1_275' title='bbox 410 1836 575 1872; x_wconf 86' lang='lat' dir='ltr'><strong>omnibus</strong></span> <span class='ocrx_word' id='word_1_276' title='bbox 604 1840 773 1880; x_wconf 69' lang='lat' dir='ltr'><strong>gentibus</strong></span> <span class='ocrx_word' id='word_1_277' title='bbox 793 1841 1005 1877; x_wconf 81' lang='lat' dir='ltr'><strong>admirabile</strong></span> 
     </span>
     <span class='ocr_line' id='line_1_42' title="bbox 22 1871 1003 1925; baseline 0.017 -19"><span class='ocrx_word' id='word_1_278' title='bbox 22 1871 75 1906; x_wconf 81' lang='lat' dir='ltr'><strong>est</strong></span> <span class='ocrx_word' id='word_1_279' title='bbox 95 1872 208 1908; x_wconf 73' lang='lat' dir='ltr'><strong>visum</strong></span> <span class='ocrx_word' id='word_1_280' title='bbox 220 1899 231 1919; x_wconf 79' lang='lat'><strong>‚</strong></span> <span class='ocrx_word' id='word_1_281' title='bbox 245 1875 338 1911; x_wconf 79' lang='lat' dir='ltr'><strong>adeo</strong></span> <span class='ocrx_word' id='word_1_282' title='bbox 359 1877 464 1913; x_wconf 85' lang='lat' dir='ltr'><strong>facile</strong></span> <span class='ocrx_word' id='word_1_283' title='bbox 484 1882 662 1925; x_wconf 74' lang='lat' dir='ltr'><strong>pe1·culit‚</strong></span> <span class='ocrx_word' id='word_1_284' title='bbox 676 1893 715 1918; x_wconf 90' lang='lat' dir='ltr'><strong>ut</strong></span> <span class='ocrx_word' id='word_1_285' title='bbox 733 1883 814 1925; x_wconf 83' lang='lat' dir='ltr'><strong>post</strong></span> <span class='ocrx_word' id='word_1_286' title='bbox 825 1884 920 1920; x_wconf 88' lang='lat' dir='ltr'><strong>diem</strong></span> <span class='ocrx_word' id='word_1_287' title='bbox 933 1895 1003 1922; x_wconf 83' lang='lat' dir='ltr'><strong>ter-</strong></span> 
     </span>
     <span class='ocr_line' id='line_1_43' title="bbox 20 1915 1003 1971; baseline 0.016 -21"><span class='ocrx_word' id='word_1_288' title='bbox 20 1915 133 1961; x_wconf 86' lang='lat' dir='ltr'><strong>tium,</strong></span> <span class='ocrx_word' id='word_1_289' title='bbox 155 1929 255 1960; x_wconf 82' lang='lat' dir='ltr'><strong>quam</strong></span> <span class='ocrx_word' id='word_1_290' title='bbox 275 1920 430 1956; x_wconf 78' lang='lat' dir='ltr'><strong>Siciliam</strong></span> <span class='ocrx_word' id='word_1_291' title='bbox 450 1924 637 1971; x_wconf 72' lang='lat' dir='ltr'><strong>attigerat,</strong></span> <span class='ocrx_word' id='word_1_292' title='bbox 650 1928 832 1971; x_wconf 63' lang='lat' dir='ltr'><strong>Syracusas</strong></span> <span class='ocrx_word' id='word_1_293' title='bbox 851 1929 1003 1966; x_wconf 79' lang='lat' dir='ltr'><strong>introie-</strong></span> 
     </span>
     <span class='ocr_line' id='line_1_44' title="bbox 11 1959 1003 2018; baseline 0.016 -24"><span class='ocrx_word' id='word_1_294' title='bbox 11 1959 79 1995; x_wconf 60' lang='grc' dir='ltr'><strong>τῖε.</strong></span> <span class='ocrx_word' id='word_1_295' title='bbox 123 1961 181 1997; x_wconf 72' lang='lat' dir='ltr'><strong>Ex</strong></span> <span class='ocrx_word' id='word_1_296' title='bbox 202 1975 274 2006; x_wconf 91' lang='lat' dir='ltr'><strong>quo</strong></span> <span class='ocrx_word' id='word_1_297' title='bbox 295 1965 454 2011; x_wconf 76' lang='lat' dir='ltr'><strong>intelligi</strong></span> <span class='ocrx_word' id='word_1_298' title='bbox 473 1967 613 2013; x_wconf 86' lang='lat' dir='ltr'><strong>potest,</strong></span> <span class='ocrx_word' id='word_1_299' title='bbox 641 1971 779 2006; x_wconf 87' lang='lat' dir='ltr'><strong>nullum</strong></span> <span class='ocrx_word' id='word_1_300' title='bbox 799 1973 867 2008; x_wconf 76' lang='lat' dir='ltr'><strong>ess&#39;e</strong></span> <span class='ocrx_word' id='word_1_301' title='bbox 889 1974 1003 2018; x_wconf 80' lang='lat' dir='ltr'><strong>inipe-</strong></span> 
     </span>
     <span class='ocr_line' id='line_1_45' title="bbox 21 2003 1000 2056; baseline 0.017 -18"><span class='ocrx_word' id='word_1_302' title='bbox 21 2003 112 2039; x_wconf 80' lang='lat' dir='ltr'><strong>rium</strong></span> <span class='ocrx_word' id='word_1_303' title='bbox 140 2017 254 2042; x_wconf 85' lang='lat' dir='ltr'><strong>tutum</strong></span> <span class='ocrx_word' id='word_1_304' title='bbox 275 2034 286 2052; x_wconf 88' lang='lat'>‚</span> <span class='ocrx_word' id='word_1_305' title='bbox 317 2009 384 2044; x_wconf 85' lang='lat' dir='ltr'><strong>nifi</strong></span> <span class='ocrx_word' id='word_1_306' title='bbox 415 2011 673 2050; x_wconf 81' lang='lat' dir='ltr'><strong>benevolentia</strong></span> <span class='ocrx_word' id='word_1_307' title='bbox 703 2017 890 2053; x_wconf 83' lang='lat' dir='ltr'><strong>munitum.</strong></span> <span class='ocrx_word' id='word_1_308' title='bbox 941 2020 1000 2056; x_wconf 90' lang='lat' dir='ltr'><strong>Eo</strong></span> 
     </span>
     <span class='ocr_line' id='line_1_46' title="bbox 20 2053 1000 2106; baseline 0.013 -22"><span class='ocrx_word' id='word_1_309' title='bbox 20 2055 186 2096; x_wconf 69' lang='lat' dir='ltr'><strong>tempore</strong></span> <span class='ocrx_word' id='word_1_310' title='bbox 208 2053 329 2092; x_wconf 78' lang='lat' dir='ltr'><strong>aberat</strong></span> <span class='ocrx_word' id='word_1_311' title='bbox 356 2053 579 2106; x_wconf 78' lang='lat' dir='ltr'><strong>Dionyfius,</strong></span> <span class='ocrx_word' id='word_1_312' title='bbox 615 2055 652 2100; x_wconf 71' lang='grc' dir='ltr'><strong>ὃς</strong></span> <span class='ocrx_word' id='word_1_313' title='bbox 676 2060 714 2099; x_wconf 78' lang='lat' dir='ltr'><strong>in</strong></span> <span class='ocrx_word' id='word_1_314' title='bbox 735 2061 841 2100; x_wconf 79' lang='lat' dir='ltr'><strong>ltalia</strong></span> <span class='ocrx_word' id='word_1_315' title='bbox 860 2063 1000 2100; x_wconf 79' lang='lat' dir='ltr'><strong>classem</strong></span> 
     </span>
    </p>
   </div>
   <div class='ocr_carea' id='block_1_2' title="bbox 440 2099 1003 2154">
    <p class='ocr_par' dir='ltr' id='par_1_6' title="bbox 440 2099 1003 2154">
     <span class='ocr_line' id='line_1_47' title="bbox 440 2099 1003 2154; baseline 0.018 -16"><span class='ocrx_word' id='word_1_316' title='bbox 440 2099 476 2140; x_wconf 93' lang='lat' dir='ltr'><strong>D</strong></span> <span class='ocrx_word' id='word_1_317' title='bbox 501 2112 522 2138; x_wconf 80' lang='lat'>2</span> <span class='ocrx_word' id='word_1_318' title='bbox 934 2118 1003 2154; x_wconf 79' lang='lat' dir='ltr'><strong>op·</strong></span> 
     </span>
    </p>
   </div>
  </div>
 </body>
</html>
