1170 2248
131 54 180 91 ρι’·
359 39 622 80 Connzmx
659 41 891 84 Nnons

501 88 532 123 C
557 101 582 124 A
606 100 640 124 ι».
690 90 756 126 IV.

132 132 270 202 Huc
288 132 351 168 ubi
369 142 583 177 perventum
603 132 676 179 est,
689 146 796 177 quum
813 144 967 181 propter
978 144 1116 173 aetatem

225 177 378 222 pedibus
395 178 463 222 jam
484 190 560 214 nou
580 179 738 224 valeret,
768 182 1012 224 vehiculoque
1032 193 1117 225 por-

133 232 292 266 taretur,
318 222 436 267 magni
453 222 653 258 concursus
672 223 754 259 sunt
771 224 876 260 faeti:
903 236 1010 269 quum
1030 227 1115 271 alii,
1146 262 1149 265 ,

129 267 408 302 reminiscentes
425 268 559 302 veteris
579 267 704 312 famae,
717 269 828 304 aetatis
847 270 1115 313 misererentu1·;

131 312 282 355 plurimi
310 322 399 345 vero
428 311 478 346 ira
497 322 782 357 exacuerentur,
816 323 972 357 propter
987 315 1114 359 prodi-

130 355 245 391 tionis
274 354 519 399 suspicionem
547 354 702 391 Piraeei:
736 359 983 402 maximeque,
1019 358 1119 401 quod

128 399 300 435 adversus
327 401 459 443 populi
481 400 674 435 commoda
692 400 729 435 in
749 401 933 437 senec‘tute
954 403 1116 438 steterat.

130 444 213 492 Qua
241 444 287 479 de
315 455 352 479 re
383 455 427 479 ne
456 444 650 487 perorandi
679 445 825 488 quidem
847 446 880 481 ei
899 446 979 482 data
998 446 1049 482 est
1067 448 1119 482 fa-

127 490 268 533 cultas,
295 485 332 523 &
353 487 503 523 dicendi
524 489 682 524 caufl'am.
719 489 810 525 Inde
829 490 972 534 judicio
992 491 1116 537 legiti-

129 533 196 568 mis
225 531 433 575 quibusdam
452 533 633 569 confec'tis
654 533 861 578 damnatu83
894 535 1043 571 traditus
1065 534 1118 571 est

127 577 299 612 undecim
319 577 429 622 viris,
464 578 591 621 quibus
612 577 655 612 ad
673 577 916 625 supplicium,
943 591 1043 615 more
1065 579 1118 614 A-

126 620 367 656 thenienfium
380 647 392 666 ‚
419 623 569 666 publice
588 622 743 657 damuati
762 623 853 658 tradi
870 625 1005 660 solent.
1040 624 1117 660 Hic

126 676 235 709 quum
254 665 297 700 ad
315 675 469 701 mortem
484 666 701 711 duceretur,
737 668 868 703 obvius
888 669 921 703 ei
940 669 1010 704 fuit·
1028 669 1114 704 Em—

125 711 321 755 phyletus,
348 721 420 752 quo
442 710 668 746 familiariter
686 711 802 746 fuerat
821 712 916 747 usus.
951 713 984 747 Is
1007 724 1115 755 quum

123 754 314 798 lacrimans
345 754 490 789 dixiss'et
509 766 519 789 z
554 754 589 790 Ο
617 765 719 798 quam
739 755 889 801 indigna
908 758 1114 800 perpeteris

122 797 312 835 Phocion!
347 799 430 833 huic
452 799 541 844 ille,
577 808 611 833 at
630 810 704 834 non
724 800 934 845 inopinata,
967 802 1114 844 inquit*-

124 843 222 877 hunc
245 842 341 877 enim
364 844 505 877 exitum
523 843 690 886 plerique
712 844 801 878 clari
823 844 890 879 viri
908 846 1113 881 habuerunt

121 886 386 922 Athenienses.
436 887 477 921 ln
508 888 581 921 hoc
600 896 741 921 tantum
758 888 831 921 suit
850 889 973 923 odium
994 890 1115 924 multi—

124 931 336 976 tudinis‚ut
354 942 462 966 nemo
482 930 583 966 ausus
605 930 647 966 fit
667 942 749 967 eum
769 932 864 968 liber
881 932 1050 977 sepelire.
1077 934 1112 969 1-

126 974 237 1019 taque'
253 986 273 1010 a
290 974 404 1011 servis
423 975 587 1020 sepultus
608 974 672 1011 est.

121 1074 262 1134 XX.
363 1074 1098 1137 TIMOLEON.

497 1196 529 1235 C
552 1210 578 1234 A
612 1210 646 1235 P.
695 1200 726 1236 Ι.

117 1286 317 1356 TIMO
330 1286 362 1324 L
374 1287 406 1324 E
419 1286 452 1323 O
465 1285 504 1323 N
529 1287 863 1325 CORINTHIUS.
898 1289 972 1327 fine
992 1291 1108 1329 dubio

203 1345 350 1379 magnus
371 1333 751 1377 omniumjudiciohic
763 1335 820 1368 vir
831 1335 967 1371 extitit.
993 1337 1105 1371 Nam—

117 1388 186 1419 que
206 1379 291 1413 huic
312 1378 374 1412 uni
395 1377 576 1422 contigit,
613 1378 714 1421 quod
734 1378 856 1413 nescio
875 1390 917 1413 an
939 1381 1031 1425 ulli,
1066 1389 1107 1416 ut

117 1422 154 1458 δε
175 1422 350 1466 patriam,
387 1422 424 1456 in
445 1432 512 1464 qua
531 1430 605 1456 erat
627 1431 752 1467 natus,
789 1423 992 1466 oppressam
1013 1436 1031 1459 a
1051 1433 1104 1476 Ψ-

113 1478 230 1501 ranno
250 1467 422 1500 liberaret
441 1491 453 1510 ,
487 1462 524 1500 δε
545 1477 563 1500 a
580 1465 779 1511 Syracusis,
814 1468 942 1510 quibus
963 1469 1104 1505 auxilio

116 1519 191 1545 erat
209 1510 326 1545 miss'us
339 1535 351 1554 ‚
379 1511 620 1545 inveteratam
642 1511 851 1546 servitutem
872 1511 1100 1556 depelleret:

113 1564 299 1597 totamque
317 1554 650 1598 Siciliam‚1nultos
669 1566 782 1591 annos
802 1556 903 1591 bello
923 1567 1102 1603 vexatam,

113 1610 132 1634 a
151 1600 382 1642 barbarisque
408 1599 630 1643 oppressam,
667 1598 732 1635 suo
752 1599 910 1635 adventu
929 1601 965 1635 in
985 1601 1104 1645 pristi-

113 1654 197 1678 num
225 1642 447 1677 restitueret.
495 1642 566 1677 Sed
595 1643 632 1678 in
651 1643 704 1678 his
724 1644 832 1678 rebus
852 1656 926 1679 non
946 1644 1102 1689 fimplici

110 1687 260 1722 fortuna
286 1687 516 1721 conflic‘tatus
538 1685 611 1730 est,
645 1684 708 1730 ἃ,
736 1686 774 1721 id
796 1688 896 1730 quod
915 1688 1100 1726 difficilius

110 1740 278 1775 putatur,
304 1732 422 1765 multo
442 1730 636 1773 sapientius
657 1731 742 1766 tulit
758 1731 947 1768 secundam
962 1759 972 1778 ‚
995 1745 1099 1777 quam

109 1774 314 1820 adversam,
338 1775 533 1810 fortunam.
566 1773 659 1809 Nam
679 1786 785 1818 quum
807 1776 918 1812 frater
936 1781 1012 1822 ejus
1032 1778 1096 1813 Ti-

66 1826 69 1830 '
110 1820 334 1863 mophanes‚
370 1818 444 1854 dux
462 1830 481 1853 a
501 1818 702 1854 Corinthiis
722 1819 910 1866 delec‘tus,
938 1824 1096 1868 tyranni-

109 1863 192 1898 dem
211 1874 278 1906 per
295 1862 428 1898 milites
452 1863 697 1899 mercenarios
717 1865 923 1908 occupass'et
940 1892 952 1911 ‚
986 1868 1097 1910 parti-

109 1918 269 1950 cepsque
290 1906 393 1951 regni
412 1906 532 1951 posset
551 1907 620 1942 ess'e
633 1920 640 1942 :
654 1917 790 1943 tantum
810 1909 924 1944 abfuit
941 1922 959 1945 a
978 1911 1095 1946 socie-

109 1959 183 1986 tate
204 1951 428 1996 sceleris‚ut
447 1952 660 1986 antetulerit
678 1952 821 1988 suorum
841 1954 1092 1990 civiumliber-

108 2003 217 2030 tatem
235 1995 352 2030 fratris
372 1993 473 2030 saluti
488 2007 496 2030 :
509 1993 546 2030 &
565 1996 686 2039 patriae
697 2008 822 2039 parere
834 1998 976 2043 legibus
988 2009 1091 2041 quam

107 2038 307 2087 imperare,
328 2038 440 2082 satius
461 2039 620 2078 duxerit.
668 2040 748 2080 Hac
765 2051 888 2080 mente
903 2052 971 2088 per
988 2043 1091 2123 hzffq-

1031 2097 1087 2132 1³1·
