1170 2248
118 67 184 96 102
367 52 628 91 CoRNELu
666 50 896 90 Neroris

116 104 197 138 uilo
227 99 450 135 detrimento
481 99 663 135 exercitus
691 99 727 134 se
749 97 950 142 expedivit.
987 95 1102 134 Fabio

118 145 345 182 callitliffimo
374 144 585 188 imperatori
611 144 718 179 verba
757 143 873 178 dedit.
932 141 1100 185 Namque

118 190 276 226 obducta
295 191 428 233 noc'te,
454 188 629 223 sarmenta
659 188 697 222 in
725 188 897 223 cornibus
921 189 1103 232 juvenco-

117 246 196 270 rum
217 234 371 279 deligata
388 233 575 277 incendit,
603 231 748 276 ejusque
770 232 911 277 generis
941 231 1104 266 multitu·

118 280 242 314 dinem
261 289 419 324 magnam
436 277 642 321 dispalatam
661 276 806 312 inmisit.
833 276 921 325 Quo
939 275 1105 320 repenti-

118 336 169 359 no
191 323 337 365 obieetu
356 322 455 367 viso,
482 331 619 357 tantum
640 331 814 356 terrorem
840 321 970 364 injecit
998 330 1104 354 exer-

117 367 210 404 citui
229 368 505 412 Romanorum,
517 376 557 401 ut
577 365 702 412 egredi
724 374 825 400 extra
843 365 976 400 vallum
995 375 1104 399 nenio

115 412 161 448 fit
178 412 294 447 ausus.
345 411 450 446 Hanc
469 410 553 455 post
570 421 641 446 rem
665 408 795 444 ‘restam
816 420 890 445 non
917 409 965 443 ita
981 407 1104 443 multis

117 457 272 501 diebus,
298 457 354 491 M.
375 455 583 491 Minucium
602 436 741 490 Ruium
768 452 971 500 magistrum
1001 451 1106 496 equi-

117 511 216 547 tum,
242 501 375 544 pariae
406 500 618 536 dictatorem
645 499 824 544 imperio,
850 499 941 533 dolo
969 496 1107 540 produ·

118 548 215 581 c'tum
234 546 271 581 in
292 545 453 588 praelium
474 545 624 585 fugavit.
651 543 711 578 Ti.
730 542 981 586 Sempronium
995 541 1107 577 Grac-

117 591 246 636 chum,
272 591 403 625 iterum
424 588 644 633 Consulem,
671 589 708 623 in
729 587 886 622 Lucanis
906 586 1054 630 absens,
1067 585 1106 620 in

117 634 263 670 infidias
290 633 475 668 induc‘tum
500 633 652 668 sustulit.
701 633 758 666 M.
790 631 981 666 Claudium
1007 631 1108 664 Mar-

119 680 252 714 cellum
276 678 469 722 quinquies
490 677 690 712 Consulem
702 702 714 721 ,
726 675 821 718 apud
834 673 1025 710 Venusiam
1046 685 1108 717 pa-

118 723 148 758 ri
166 723 278 759 inodo
299 722 500 757 interfecit.
527 721 695 766 Longum
716 720 768 755 est
790 730 998 754 enumerare
1018 729 1108 762 prae-

118 768 179 803 lia.
231 767 351 816 Quare
371 768 443 802 hoc
463 778 574 800 unum
594 766 674 800 satis
695 766 762 800 erit
782 764 914 799 dietum
927 789 940 808 ,
967 774 1012 798 ex
1034 774 1107 806 quo

120 812 280 863 intelligi
299 811 429 855 poilit,
457 820 608 854 quantus
629 810 695 845 ille
715 809 838 844 fuerit.
867 807 1050 858 Quamdiu
1069 808 1110 842 in

119 857 223 892 Italia
240 856 334 900 tuit,
361 866 469 890 nemo
490 855 525 889 ei
558 855 596 888 in
626 854 705 888 acie
735 852 888 896 restitit,
914 863 1022 886 nemo
1051 850 1112 885 ad-

120 900 244 935 versus
273 911 354 934 eum
383 897 466 942 post
485 898 711 935 Cannensem
730 907 885 944 pugnam
910 896 948 931 iu
978 906 1107 940 campo

121 943 236 981 castra
259 944 396 988 posuit.

488 986 520 1024 C
544 1000 568 1024 A
594 999 628 1024 P.
678 987 744 1024 VI.

122 1054 240 1124 I-lic
259 1053 414 1089 invie‘tns
433 1052 579 1095 patriam
599 1049 789 1086 defensum
807 1057 1020 1091 revocatus,
1032 1046 1112 1082 bel-

174 1101 303 1135 4111111
336 1097 437 1143 gessit
468 1094 637 1131 adversus
678 1095 717 1129 P.
751 1094 936 1138 Scipionis
970 1092 1109 1135 filium,

121 1155 229 1187 quem
260 1142 337 1186 ipse
356 1141 508 1185 primum
535 1139 631 1184 apud
649 1138 892 1184 Rhodanum,
919 1139 1048 1172 iterum
1078 1147 1115 1170 a-

122 1189 198 1232 pud
232 1187 395 1230 Padum,
430 1184 541 1220 tertio
573 1183 670 1228 apud
711 1181 881 1218 Trebiam
915 1181 1114 1227 fugaverat.
1169 1183 1170 1218 i

123 1233 215 1269 Cum
244 1233 316 1267 hoc
335 1257 347 1276 ‚
391 1227 569 1265 exhaustis
598 1229 667 1271 jam
696 1227 818 1271 patriae
845 1225 1077 1262 facultatibus
1088 1227 1111 1268 ⁹,

124 1277 269 1321 cupivit
287 1276 324 1311 in
338 1273 604 1318 praesentiarum
622 1272 760 1307 bellum
779 1281 1022 1315 componere,
1037 1279 1112 1311 quo

123 1321 308 1357 valentior
336 1317 462 1362 postea
490 1315 792 1362 congrederetur.
820 1315 861 1349 ln
883 1313 1114 1357 colloquium

121 1365 323 1408 convenit,
352 1361 589 1398 conditiones
618 1371 692 1395 non
713 1367 978 1394 convenerunt.
1027 1355 1116 1392 Post

123 1409 162 1446 id
188 1410 318 1444 facium
346 1407 469 1450 paucis
489 1405 615 1440 diebus
643 1404 738 1448 apud
775 1403 915 1438 Zamam
942 1413 1022 1436 cum
1050 1412 1116 1436 eo-

125 1454 209 1490 dem
229 1451 421 1488 conflixit:
443 1449 568 1493 pulsus
588 1447 827 1493 (incredibile
847 1446 973 1490 dic‘tu)
998 1444 1113 1480 biduo

125 1497 165 1535 &
185 1497 321 1532 duabus
342 1495 508 1530 noctibus
529 1493 768 1528 Adrunietum
794 1491 988 1535 pervenit,
1014 1487 1116 1533 quod

125 1541 223 1579 abest
259 1553 278 1576 a
305 1540 409 1576 Zama
437 1537 585 1574 circiter
609 1537 724 1572 millia
752 1535 910 1580 pass'uum
939 1544 1113 1570 trecenta.

124 1588 167 1623 In
196 1588 262 1621 hae
295 1585 381 1627 fuga
405 1582 599 1625 Numidae,
635 1582 697 1624 qui
733 1580 835 1616 fimul
865 1590 943 1614 cum
981 1589 1029 1614 eo
1065 1588 1115 1613 ex

125 1631 202 1667 acie
232 1629 455 1664 excesserant
474 1653 486 1671 ,
524 1625 681 1661 insidiati
710 1624 791 1660 sunt
817 1625 882 1658 ei:
916 1633 1007 1665 quos
1036 1633 1114 1657 non

124 1675 244 1711 solum
271 1673 423 1717 effugit,
450 1669 512 1706 sed
532 1671 636 1705 etiam
658 1668 757 1712 ipsos
778 1667 964 1710 oppressit.
991 1665 1112 1700 Adru-

126 1718 216 1754 meti
234 1717 397 1758 reliquos
423 1726 469 1750 ex
490 1714 574 1759 sega
598 1712 764 1758 collegit.
814 1711 938 1746 Novis
963 1709 1117 1746 delecti·

126 1764 194 1800 bus
213 1761 339 1806 paucis
372 1759 500 1794 diebus
523 1759 661 1793 multos
687 1755 887 1792 contraxit.

471 1819 504 1854 C
527 1831 551 1854 Λ
578 1830 612 1854 Ρ.
662 1818 762 1854 VII.

203 1893 286 1919 unm
305 1883 342 1918 in
362 1880 569 1926 apparando
591 1880 762 1916 acerrime
783 1879 871 1914 ess‘et
889 1887 1111 1923 occupatus,

226 1925 541 1973 Karthaginienses
560 1925 700 1960 bellum
721 1935 801 1958 cuin
820 1923 996 1960 Romanis
1009 1933 1109 1958 com·

127 1978 341 2020 poluerunt.
391 1970 459 2006 Ille
486 1970 603 2005 nihilo
633 1968 747 2003 secius
778 1968 958 2003 exercitui
987 1965 1115 2010 postea

143 2016 299 2060 iraefuit,
324 2015 450 2059 resque
469 2015 509 2049 in
527 2013 655 2048 Africa
672 2012 772 2058 gessit
794 2014 979 2056 (itemque
1000 2011 1114 2053 Mago

146 2070 240 2100 rater
257 2060 363 2108 ejus>
388 2058 498 2105 usque
518 2058 563 2097 ad
578 2057 619 2097 P.
643 2056 844 2106 Sulpicium
863 2054 900 2095 &
930 2054 974 2095 C.
994 2053 1114 2137 Alute-

1041 2108 1117 2136 ium
