1170 2248
1036 0 1083 29 w,

130 69 176 105 18
332 62 619 103 .Conm:1,11
653 62 890 101 Naro-us

130 109 296 149 berandae
324 110 473 147 Graeciae
497 109 735 145 dimitterent.
782 108 876 145 Nam
902 105 928 144 fi
957 116 1038 143 cnm
1062 107 1120 142 his

131 157 275 201 copiis,
302 166 388 199 quas
416 154 536 190 secum
564 154 863 198 transportaverat
879 151 1122 198 ‚interimet

131 200 288 246 Darius,
323 211 398 235 non
427 199 546 235 solum
575 198 758 243 Europam
784 198 867 233 fore
895 206 1028 241 tutam,
1054 194 1119 231 sed

129 246 240 281 etiam
260 256 324 280 eos
376 243 438 287 qui
457 242 572 279 Afiam
591 243 801 278 incolerent
821 241 939 277 Graeci
956 251 1116 286 genere,

128 289 270 325 liberos
289 300 307 323 a
325 269 506 323 ficrsarum
525 287 669 323 futuros
694 286 948 323 dominatione
1024 284 1122 328 peri-

132 335 233 368 culo.
284 332 328 368 Id
347 331 383 368 ἃ
401 332 509 367 facile
531 331 623 366 effici
641 331 756 375 posse.
805 330 922 366 Ponte
948 340 981 365 ei
1010 339 1044 363 m
1063 339 1120 364 re-

129 377 260 423 sciffo,
273 388 394 423 regem
411 377 472 412 vel
489 375 643 412 hostium
660 375 760 411 ferro
772 401 784 421 ,
796 375 858 410 vel
875 374 1021 417 inopia,
1034 384 1120 416 pau-

131 422 185 457 cis
206 422 333 457 diebus
352 421 594 456 interiturum.
643 419 705 454 Ad
729 421 801 455 hoc
826 417 1016 454 confilium
1038 428 1121 452 cum

131 466 298 511 plerique
317 465 558 509 accederent,
588 463 757 500 Histiaeus
776 461 964 507 Milefius,
994 473 1040 497 ne
1061 472 1120 497 res

130 510 398 555 conficeretur,
424 508 588 555 obstitit,
623 509 770 544 dicens:
797 518 872 543 non
892 507 988 542 idem
1008 504 1117 550 ipfis,
1133 513 1151 537 a

130 555 193 599 qui
211 554 359 591 summas
376 555 521 597 imperii
539 563 731 598 tenerent,
759 551 958 595 expedire,
971 549 1008 586 δε
1028 551 1120 585 mul-

130 599 280 635 titudini
298 625 312 643 ,
347 599 447 643 quod
480 598 583 634 Darii
608 608 723 643 regno
753 596 765 631 i
795 596 915 632 sorum
941 595 1120 630 niteretur

132 643 350 680 dominatio.
400 643 488 693 Quo
517 642 685 678 extinc'to
703 641 759 685 ip
779 652 820 676 os
847 638 1038 684 potestate*
1055 649 1119 674 ex-

129 688 255 732 pulsos
274 689 410 724 civibus
442 687 512 723 suis
532 697 653 731 poenas
673 685 832 721 daturos.
881 684 1006 727 Itaque
1025 682 1120 718 adeo

128 733 168 768 se
187 734 379 768 abhorrere
398 745 418 767 a
436 741 642 767 ceterorum
662 728 842 774 consilio,
869 738 908 764 ut
937 728 1030 763 nihil
1053 738 1120 771 pu-

128 786 185 812 tet
204 776 287 821 ipfis
306 776 431 812 utilius
443 803 455 821 ,
483 788 587 820 quam
612 774 817 810 confirmari
834 784 982 819 regnum
1003 771 1123 807 Persa-

128 832 221 857 rum.
271 821 390 865 Hujus
422 832 503 856 cum
531 819 747 856 sententiam
768 818 914 862 plurimi
933 816 1048 851 essent
1066 815 1120 851 se-

128 866 230 912 cuti,
257 864 470 910 Miltiades,
497 876 571 901 non
592 864 780 909 dubitans,
801 872 870 897 tam
889 860 1011 896 multis
1030 871 1120 896 con-

130 910 213 945 sciis
233 936 245 955 ,
279 910 323 945 ad
355 911 448 955 regis
482 920 583 944 aures
612 907 760 944 confilia
787 906 846 942 sua
877 915 1119 952 perventura,

131 954 399 991 Chersonesum
426 954 597 997 reliquit,
624 963 663 987 ac
687 951 804 986 rursus
823 950 985 986 Athenas
1005 949 1120 984 demi-

131 1000 259 1045 gravit.
311 998 424 1042 Cujus
453 998 545 1033 ratio
566 995 629 1032 etfi
649 1008 725 1032 non
745 994 880 1039 valuit,
910 1004 1028 1029 tamen
1048 1004 1120 1028 ma-

130 1055 297 1088 gnopere
324 1042 375 1078 est
401 1041 597 1077 laudanda:
625 1052 705 1076 cum
729 1039 880 1075 amicior
899 1037 1059 1075 omnium
1075 1037 1120 1073 ii-

129 1088 283 1134 bei-tati,
311 1098 412 1132 quam
430 1086 629 1166 suaeguerit
647 1083 902 1164 dolnx‘rinationi‘

555 1142 579 1165 A
606 1141 639 1165 P.
748 1155 757 1165 .

130 1178 299 1251 Dirius
327 1187 468 1222 autem,
495 1187 573 1211 cum
602 1186 647 1210 ex
675 1174 824 1218 Europa
850 1172 886 1208 in
915 1172 1031 1209 Afiam
1061 1183 1121 1209 re·

215 1223 349 1269 disset,
383 1220 609 1258 hortantibus
634 1218 756 1254 amicis
790 1228 829 1253 ut
859 1218 1034 1254 Graeciam
1063 1229 1120 1253 re-

131 1268 275 1315 digeret
298 1268 334 1302 in
360 1266 453 1302 suam
478 1262 718 1309 potestatem,
746 1262 884 1298 elass'em
910 1263 1120 1306 quingenta·

129 1324 208 1350 rum
226 1312 369 1347 navium
389 1309 631 1354 comparavit,
658 1308 764 1352 eique
785 1306 905 1343 Datim
929 1306 1118 1351 praefecit,

131 1355 171 1394 ἃ.
189 1357 476 1401 Artaphernem,
509 1355 637 1397 hisque
664 1353 820 1387 ducenta
847 1351 1012 1395 peditum
1039 1351 1120 1385 mii-

129 1402 205 1447 lia,
232 1399 269 1438 &
298 1401 424 1436 decern
451 1399 612 1443 equitum
640 1396 770 1433 dedit:
797 1395 944 1431 caussam
969 1394 1121 1430 interse-

129 1456 238 1493 rens,
265 1444 301 1481 se
328 1444 468 1480 hostem
496 1443 565 1478 ess‘e
595 1439 902 1484 Atheniensibus,
929 1439 1027 1483 qnod
1055 1449 1120 1473 eo·

130 1502 209 1527 rum
229 1490 367 1526 auxilio
387 1489 496 1524 Iones·
516 1486 654 1523 Sardeis
679 1485 960 1531 expugnass'ent,
988 1483 1120 1526 suaque

131 1535 294 1581 praefidia
312 1533 587 1569 interfeciffent.
639 1531 699 1566 Ilii
728 1530 887 1573 praefeeti
906 1528 997 1574 regii
1014 1526 1120 1563 class'e

133 1580 179 1616 ad
191 1579 361 1615 Euboeam
376 1576 525 1621 appulsa
542 1574 903 1611 celeriterErctriam
924 1581 1118 1616 ceperunt,

132 1634 332 1667 omnesque
363 1624 440 1666 ejus
459 1620 578 1667 gentis
608 1620 708 1654 cives
736 1620 907 1662 abreptos
935 1617 972 1652 in
1001 1614 1120 1650 Aiiazn

127 1668 175 1705 ad
202 1679 323 1715 regem
357 1666 540 1702 miserunt.
590 1663 681 1700 Inde
710 1662 755 1698 ad
781 1661 939 1698 Atticam
968 1660 1121 1695 accesse-

133 1723 239 1758 runt,
264 1723 304 1747 ac
332 1711 408 1746 snas
436 1722 481 1746 co
513 1710 561 1745 ias
581 1709 617 1744 in
639 1718 802 1751 campum
821 1706 1037 1740 Marathona
1055 1704 1121 1739 de-

133 1758 328 1794 duxerunt.
354 1756 389 1790 Is
409 1756 473 1791 abe
523 1754 564 1789 ab
584 1752 726 1796 oppido
746 1751 893 1786 circiter
910 1749 1026 1785 miliia
1043 1747 1120 1792 pas-

130 1803 233 1839 suum
252 1801 391 1837 decem.
419 1799 505 1835 Hoc
523 1799 678 1834 tumultu
689 1794 928 1831 Athenienses
948 1803 1015 1828 tam
1036 1803 1122 1836 pro-

132 1843 299 1892 pinquo'‚
325 1854 465 1882 tamone
494 1854 622 1888 magno
641 1840 822 1885 permoti,
847 1838 1019 1883 auxilium
1037 1836 1118 1887 nus-

134 1903 260 1936 quam,
281 1888 346 1925 nifi
365 1890 384 1924 a
402 1886 709 1930 Lacedaemoniis‚
735 1885 962 1929 petiverunt:
983 1881 1119 1924 Philip-

163 1935 331 1977 idemque
358 1932 539 1969 cursorem
565 1933 644 1974 ejus
673 1929 842 1975 generis,
869 1928 929 1971 qui
953 1928 1119 1961 hemero-

163 1979 254 2015 romi
282 1987 489 2021 vocantur,
530 1974 831 2010 Lacedaemonem
857 1971 1051 2009 miserunt,
1080 1979 1121 2005 ut

134 2024 317 2060 nuntiaret
341 2033 442 2065 quam
469 2019 582 2056 celeri
610 2030 702 2062 opus
734 2017 820 2053 ess'et
838 2014 989 2065 aux-ilio.
1039 2011 1119 2064 Do-

134 2068 318 2112 miautem
337 2066 449 2105 creati
476 2063 602 2104 decem
628 2072 825 2112 praetores,
852 2071 912 2108 qux
940 2059 1122 2096 exercitui

1033 2112 1123 2149 prce-
