1170 2248
265 47 437 90 XVIII.
486 52 828 98 Eunrnuns.
999 65 1042 104 81

64 91 258 128 maleficam
278 98 403 131 nafflts
424 95 475 132 est
493 100 531 134 iu
551 112 709 146 corpore
728 104 914 152 fingendo.
946 107 1042 147 Nam

63 134 102 172 δε
129 135 252 173 statura
275 139 346 175 fuit
372 142 529 190 humili,
565 143 603 180 δε
623 158 781 192 corpore
800 153 938 198 exiguo
956 181 969 199 ,
1003 153 1043 191 δε

62 181 208 216 claudus
227 183 344 219 altero
365 186 473 228 pede.
518 188 609 239 Qua:
628 203 684 227 res
705 193 809 230 etiam
829 199 1044 236 nonnullam.

59 224 227 261 afferebat
254 227 522 268 deformitatem
546 245 554 268 :
589 245 696 279 atque
714 238 834 283 ignoti
853 241 983 278 faciem
1004 255 1042 279 e·-

55 268 112 311 jus
133 280 240 312 quum
260 272 508 321 intuerentur,
530 283 1041 333 contemnebant:qui-autem

56 311 210 350 virtutes
238 327 438 364 noverant,
477 333 551 356 nou
573 334 743 367 poterant
761 328 923 365 admiram
941 332 1037 368 satis.

58 354 174 404 Quod
202 360 239 394 ei
266 360 330 396 usu
358 365 482 408 venit,
519 378 625 409 quum
653 381 827 408 annorum
847 376 1039 422 octoginta

50 399 212 437 subsidio
241 403 366 441 Thaco
395 407 432 442 in
450 410 647 456 [Egyptum
665 415 782 451 ivifl'et
800 443 812 461 ‚
848 415 885 453 δε
905 420 942 455 in
964 422 1039 458 ach

54 453 136 480 cum
167 446 236 482 suis
257 451 500 499 accubuisset,
534 455 608 491 fine
629 459 707 494 ullo
727 462 846 496 tecto:
873 461 1035 500 stratum-

52 499 122 531 que
143 491 288 527 haberet
307 495 375 530 tale
388 522 399 540 ,
427 508 467 532 ut
485 507 577 535 terra
596 504 688 537 tecta
708 504 795 540 esset
812 504 1009 544 stramentis
1022 523 1034 545 ε

53 543 172 576 neque
200 537 269 572 huc
297 541 448 583 amplius
467 567 479 586 ,
516 555 616 586 quam
643 547 754 590 pellis
775 550 862 585 ess'et
880 552 1034 596 injecta:

54 578 256 623 eodemque
277 584 432 620 comites
452 597 578 623 omnes
597 592 837 629 accubuissent
856 621 869 638 ,
903 596 1036 633 vestitu

47 620 198 674 humili,
235 635 340 669 atque
360 628 556 676 obsoleto,
586 643 626 668 ut
645 645 771 671 corum
791 649 936 675 ornatus
958 653 1035 678 non

49 666 163 701 modo
182 679 221 702 m
241 669 295 703 his
314 681 434 716 regem
456 677 1034 727 nemi11e1nfignificaret3sedho-

46 709 154 744 minis
175 722 251 746 non
269 714 453 751 beatiffimi
472 717 718 763 suspicionem
737 727 925 768 praeberet.
952 729 1034 765 Hu-

43 753 104 797 Jus
123 753 168 789 de
190 755 349 793 adventu
366 760 457 796 fama
476 774 582 805 quum
601 765 645 800 ad
664 769 787 814 regios
806 771 894 807 esset
913 775 1032 817 perla-

46 806 82 831 ta
101 822 113 841 ,
149 799 321 837 celeriter
352 815 499 842 munera
527 820 573 844 eo
593 810 766 855 cujusque
785 817 928 860 generis
947 818 1032 855 sunt

45 841 164 877 allata.
193 843 262 880 His
284 851 525 889 quaerentibus
544 852 747 900 Agcfilaum
759 885 771 903 ‚
786 859 848 895 vix
867 860 958 897 fides
978 864 1029 899 fa-

44 885 100 919 ‹sta
120 885 195 931 est,
216 900 324 925 unum
345 893 414 928 effi:
435 905 481 930 ex
500 895 575 942 his,
598 900 659 942 qui
678 909 777 937 tuum
796 907 1028 944 accubabant.

45 927 123 977 Qui
142 942 248 974 quum
268 936 361 980 regis
379 939 498 974 verbis
511 966 522 984 ,
559 953 636 985 quae
657 947 873 993 attulerant,
909 951 1028 987 dedis-

40 972 145 1019 sent,
182 976 245 1012 ille
264 990 395 1022 praeter
411 983 585 1030 vitulina,
611 984 648 1023 <Sc
668 989 874 1033 hujusmodi
893 1006 1028 1040 genera

41 1017 210 1065 obsonii,
235 1033 312 1064 quae
332 1026 486 1068 praesens
505 1038 645 1074 tempus
666 1032 906 1084 desiderabat,
933 1040 1027 1077 nihil

41 1065 208 1108 accepit3
229 1077 431 1114 unguenta,
453 1082 630 1120 coronas,
644 1076 904 1124 secundamque
923 1095 1025 1120 men-

38 1105 110 1140 sam
131 1107 240 1144 servis
261 1110 466 1159 dispertiit3
500 1128 619 1154 cetera
638 1122 762 1158 referri
778 1124 884 1168 jussit.
934 1128 1024 1178 Quo

37 1149 137 1186 fauo
174 1163 254 1189 eum
283 1156 416 1193 barbari
445 1162 553 1206 magis
584 1164 689 1201 etiam
718 1170 988 1208 contemserunt
1007 1200 1021 1219 ,

39 1194 140 1236 quod
161 1207 239 1232 eum
260 1199 459 1242 ignorantia
476 1205 649 1243 bonarum
669 1221 785 1247 rerum
805 1214 868 1250 illa
883 1217 1023 1259 potiffi-

35 1247 132 1273 mum
152 1239 301 1279 sumfiss'e
319 1247 584 1286 arbitrabantur.
610 1252 684 1288 Hic
703 1267 811 1299 quum
825 1269 871 1294 ex
881 1262 1021 1307 AEgyp-

37 1289 78 1316 to
107 1295 369 1334 reverteretur,
406 1291 559 1330 donatus
579 1307 598 1331 a
616 1309 701 1333 re‘re
721 1299 932 1340 Nectanabe
953 1307 1022 1341 du-

36 1328 153 1362 centis
174 1330 303 1376 viginti
323 1336 468 1371 talentis
487 1364 499 1382 ,
535 1351 612 1383 quae
632 1325 697 1378 isse
715 1348 853 1382 muneri
872 1352 1018 1393 populo

36 1368 102 1405 suo
123 1370 241 1409 daret:
278 1379 498 1424 veniss'etque
518 1383 555 1418 in
574 1396 743 1434 portum,
771 1391 831 1434 qui
850 1392 1019 1431 Menelai

33 1422 207 1462 vocatur,
235 1420 357 1463 jacens
379 1424 474 1460 inter
493 1426 651 1472 Cyrenas
670 1429 707 1467 &
726 1434 923 1480 AEgyptum
940 1452 949 1474 :
976 1441 1017 1476 in

33 1460 197 1496 morbum
217 1463 414 1508 implicitus
434 1469 592 1508 decessit.
620 1474 675 1510 Ibi
694 1488 775 1513 eum
792 1481 916 1526 amici,
939 1495 1016 1527 quo

30 1500 185 1544 Spartam
204 1507 346 1546 facilius
366 1513 525 1555 perferre
544 1518 713 1566 possent,
727 1523 825 1565 quod
844 1528 916 1561 mel
937 1539 1014 1563 non

28 1544 228 1626 {agberanffi
240 1563 322 1591 cera
339 1556 668 1610 circumfuderunt,
680 1575 788 1611 atque
806 1567 855 1604 ita
863 1569 1087 1666 domum*¹

73 1600 109 1626 tu
129 1603 244 1631 erunt.
975 1632 982 1637 ·

27 1685 286 1756 XVIII.
347 1700 1004 1777 EUMENES.

402 1824 435 1863 C
457 1839 483 1864 A
507 1840 541 1866 P.
591 1832 621 1868 I.

98 1901 352 1955 UMENES
386 1911 768 1959 CARDIANUS.
827 1924 946 1972 Hujus
975 1928 1003 1968 fl

96 1952 220 1986 vlrtuti
247 1965 312 1997 par
329 1955 408 1992 data
428 1960 515 1996 ess'et
534 1963 701 2012 fortuna,
737 1979 812 2005 non
832 1971 896 2007 ille
920 1974 1001 2016 qui-

39 2026 52 2039 ,
69 2002 101 2026 m
121 1996 254 2042 maJor,
268 1999 328 2034 sed
350 2003 464 2039 multo
484 2004 680 2055 illustrior,
693 2021 799 2056 atque
819 2016 922 2051 etiam
933 2018 1001 2053 ho-

55 2038 203 2096 ,xjatiotz
238 2043 339 2090 quod
364 2057 514 2133 magnsss
540 2052 707 2094 homiues
733 2056 867 2098 virtute
894 2061 1001 2096 meti-

39 2094 55 2106 ’·
901 2115 1002 2154 mur,

670 2207 684 2214 μ
