1170 2248
278 44 810 85 XX.T1M01,EON.
993 59 1043 95 9⁴3

57 85 192 133 spicem
210 114 223 134 ,
255 100 557 135 communemque
585 92 723 128 affinem
741 119 754 138 ‚
789 93 848 129 cui
867 93 973 130 soror
990 106 1040 130 ex

57 133 192 169 eisdem
219 135 430 177 parentibus
450 145 530 171 nata
551 146 666 180 nupta
685 147 783 182 erat,
816 138 967 174 fratrem
981 148 996 174 t
1012 150 1037 166 ’-

55 187 204 212 rannum
223 178 513 214 interficiendum
532 182 682 216 curavit.
724 181 807 225 Ipse
826 195 902 218 non
920 194 979 219 mo
1009 195 1035 219 o

53 232 175 256 manus
195 233 270 258 non
290 223 432 269 attulit,
453 224 515 259 sed
534 236 580 260 ne
599 225 785 270 adspicere
804 226 947 270 quidem
965 228 1039 262 fra·

51 273 192 300 ternum
210 266 419 312 sanguinem
439 269 570 304 voluit.
596 269 690 305 Nam
709 270 791 306 dum
803 282 860 306 res
871 270 1033 307 confice-

49 318 174 354 retur,
207 312 339 354 procul
357 312 393 347 in
413 312 579 356 praesidio
597 313 690 359 fuit,
725 326 771 350 ne
791 315 869 358 quis
888 315 1036 352 satelles

46 353 167 396 poss'et
184 353 402 391 succurrere.
429 357 517 393 Hoc
533 358 829 401 praeclariffimum
849 361 927 404 eJ‘us
945 360 1036 396 saci-

47 407 116 432 nus
145 409 220 434 non
247 401 322 443 pari
351 401 464 437 modo
491 403 682 445 probatum
710 402 762 438 est
780 405 822 439 ab
843 404 1028 440 omnibus.

47 440 234 478 Nonnulli
261 445 357 479 enim
378 445 492 480 laesam
513 447 554 481 ab
574 458 621 482 eo
641 447 814 490 pietatem
832 449 1032 494 putabant,

47 482 86 520 δι
106 486 244 522 invidia
262 489 403 524 laudem
421 491 565 526 virtutis
585 491 812 527 obterebant.
835 493 1031 528 Materve-

46 539 89 564 ro
118 530 199 574 post
228 532 266 567 id
291 533 446 580 fac‘tum,
480 546 599 579 neque
625 535 772 571 domum
797 535 841 571 ad
859 537 895 572 se
914 536 1033 572 filium

45 573 206 621 admisit,
242 587 362 620 neque
379 579 568 625 adspexit,
584 584 587 585 ’
604 580 692 622 quin
711 592 792 615 eum
809 580 1030 616 fratricidam

41 618 255 662 inpiumque
275 620 454 658 detestans
473 625 729 667 compellaret.
756 624 899 673 Quibus
919 626 1026 675 rebus
1043 650 1050 654 -

42 661 108 697 ille
135 663 227 700 adeo
257 664 309 701 est
327 676 532 703 commotus
549 693 562 712 ‚
598 676 639 702 ut
659 679 920 710 nonnunquam
942 679 1033 704 Vltae

46 705 154 741 finem
174 708 293 744 facere
310 710 494 756 voluerit,
527 721 635 755 atque
654 723 701 748 ex
719 712 943 759 ingratorum
958 714 1026 749 ho-

42 750 177 787 minum
197 752 395 798 conspeetu
406 765 533 835 (morte
552 755 748 835 desedere.

461 812 487 835 A
513 811 547 835 P.
644 825 654 836 .

40 837 211 907 Interim
230 840 357 878 Dione
374 844 550 890 Syracusis
570 845 767 882 interfeaesto
779 872 792 892 ‚
824 845 1029 894 Dionyfius

79 885 196 920 rursus
212 886 455 932 Syracusarum
474 890 615 933 potitus
635 889 709 925 est:
743 892 845 935 qu'us
862 892 1025 930 adversa·

37 927 84 963 rii
104 940 213 972 opem
232 941 251 965 a
269 931 470 968 Corinthiis
489 934 698 979 petierunt,
712 933 912 978 ducemque
924 962 935 981 ‚
949 947 1023 980 quo

37 972 78 1007 in
96 973 199 1008 bello
217 983 427 1020 uterentur,
447 976 687 1020 postularunt.
714 978 800 1014 Huc
818 979 852 1014 T
855 981 1030 1017 imoleon-

39 1016 181 1061 missus,
209 1018 419 1055 incredibili
440 1022 617 1057 felicitate
636 1021 852 1069 Dionyfium
872 1034 950 1060 tota
966 1026 1024 1061 Si-
1059 1028 1075 1041 '⁴

38 1061 126 1096 cilia
144 1061 302 1106 depulit.
346 1064 466 1114 Quum
485 1066 692 1102 interficere
707 1068 846 1113 poss'et,
873 1070 1026 1105 noluitr

35 1113 196 1149 tutoque
216 1117 256 1142 ut
274 1107 488 1145 Corinthum
507 1112 740 1156 perveniret,
761 1113 1020 1155 effecit2quod

36 1159 275 1194 ursorumque
295 1152 555 1198 Dionyfiorum
576 1156 706 1199 opibus
725 1155 909 1192 Corinthii
927 1158 1028 1201 saepe·

36 1193 154 1237 adjuti
171 1195 336 1242 fuerant,
363 1200 466 1242 cujus
484 1198 716 1244 benignitatis
734 1201 942 1236 memoriam
953 1214 1021 1238 vo-

35 1237 135 1272 lebat
155 1238 291 1276 exstare
305 1253 313 1275 :
327 1253 473 1285 eamque
492 1245 694 1286 praeclaram
712 1245 898 1280 vic‘toriam
909 1245 1020 1281 duce—

34 1281 116 1326 bat,
142 1283 178 1318 in
198 1296 265 1328 qua
284 1287 365 1329 plus
384 1287 471 1322 efl'et
489 1287 713 1334 clementiae,
740 1300 841 1331 quam
863 1289 1025 1325 crudeli-

35 1326 139 1361 tatis:
173 1328 380 1376 postremo,
416 1341 456 1366 ut
476 1343 551 1367 non
570 1333 689 1367 solum
709 1333 850 1368 auribus
871 1334 1016 1378 accipe—

0 1403 1 1406 ,
34 1378 156 1416 retur,
181 1372 243 1407 sed
264 1375 367 1410 etiam
388 1376 506 1412 oculis
525 1387 759 1423 cerneretur,
785 1388 887 1420 quem
907 1376 943 1413 δε
967 1390 1016 1414 ex

34 1425 169 1456 quanto
189 1427 300 1459 reguo
321 1418 364 1453 ad
383 1431 484 1462 quam
502 1421 684 1456 fortunam
695 1421 906 1458 detrusisset.
932 1422 1020 1458 Post

33 1457 206 1504 Dionysii
225 1460 402 1498 decess'um
419 1475 498 1500 cum
518 1464 652 1500 Hiceta
668 1467 841 1509 bellavit,
877 1467 937 1510 qui
953 1467 1017 1502 'ad-

33 1503 188 1539 versatus
208 1505 324 1542 fuerat
341 1507 543 1552 Dionylio:
565 1521 670 1553 quem
690 1522 764 1545 non
784 1511 875 1546 odio
897 1521 1015 1556 tyran-

32 1546 128 1582 nidis
149 1548 338 1586 diss‘enfiffe
359 1578 371 1596 ‚
406 1552 467 1588 sed
485 1554 683 1597 cupiditate
701 1580 714 1599 ‚
748 1554 889 1590 indicio
910 1556 983 1590 fuit
1000 1581 1014 1600 ‚

33 1591 132 1634 quod
150 1592 250 1640 ipse,
277 1596 434 1638 expulso
453 1596 659 1644 Dionyfio,
686 1598 874 1642 imperium
894 1598 1014 1650 dimit-

32 1644 112 1670 tere
133 1639 264 1674 noluit.
300 1640 385 1677 Hoc
404 1641 596 1686 superato,
622 1643 822 1679 Timoleon
842 1655 1013 1679 maximas

30 1679 155 1723 copias
175 1683 522 1730 Karthaginiensium
544 1686 638 1730 apud
659 1687 866 1723 Crimcss'um
876 1689 1012 1723 flumen

30 1722 207 1772 fugavit‚‹
224 1739 264 1763 ac
284 1730 365 1765 satis
384 1731 514 1766 habere
536 1732 682 1777 coegit,
717 1731 742 1767 fi
762 1733 893 1768 liceret
910 1731 1012 1766 Afri-

32 1777 107 1801 cam
127 1771 316 1819 obtinere,
330 1775 391 1817 qui
406 1776 475 1818 jam
495 1778 701 1819 complures
722 1779 835 1811 annos
855 1776 1012 1819 possesn-

31 1822 142 1861 Onejn
160 1815 289 1851 Siciliae
311 1819 496 1854 tenebant.
523 1818 636 1863 Cepit
655 1821 759 1854 etiam
772 1821 1008 1863 Mamercum,

28 1854 198 1895 Itallcum
215 1860 365 1907 ducem3
385 1863 567 1898 hominem
588 1863 802 1898 bellicosum
823 1862 859 1897 ἃ
878 1872 1017 1906 poten-

31 1906 126 1945 tem,
149 1905 209 1949 qui
229 1906 790 1985 tyranno&adjutumliiiISiciliam
802 1917 961 1943 venerat.

440 1962 461 1984 A
490 1961 522 1984 P.
648 1975 657 1984 .

104 1994 206 2029 uibus
226 1994 332 2030 rebus
351 1994 553 2038 confec'tis‚
575 2006 681 2037 quum
701 2004 853 2039 propter
871 1995 1011 2031 diutur-

31 1996 262 2090 Qnitatem
282 2039 371 2078 belli
389 2050 464 2080 uon
483 2038 600 2079 solum
619 2039 816 2088 regiones,
828 2040 1008 2078 sedetiam

58 2091 61 2094 .
954 2095 1013 2122 uta
