1170 2248
120 33 242 71 XXV.
268 32 362 70 Trr.
387 31 618 68 Pomomns
641 29 839 67 Arncus.
935 40 998 66 111

23 80 202 131 Quamdiu
221 79 359 124 adfuit,
386 90 432 113 ne
451 89 518 120 qua
545 76 609 112 fibi
636 76 747 112 statua
773 84 1000 120 poneretur,

21 124 173 162 restitit:
209 123 334 158 absens
364 123 559 166 prohibere
588 133 664 157 non
691 122 827 165 potuit.
875 120 1001 162 Itaque

0 180 1 207 3
21 169 161 213 aliquot
179 168 242 212 ipsi
256 195 268 213 ,
290 166 326 203 ἃ
347 166 611 211 Phidiae,locis
630 165 848 201 sanctiss'iniis
869 165 1005 209 posue-

0 222 1 258 ξ
19 223 116 250 runt.
151 213 262 248 Hunc
281 213 376 247 enim
398 212 434 245 in
458 211 557 247 omni
583 209 842 254 procuratione
859 209 1003 252 reipub.

0 260 175 294 ianitorem
200 259 454 299 auctoremque
479 255 668 290 habebant.
720 254 835 300 Igitur
852 254 1007 297 primum

0 324 1 330 =
20 301 113 338 illud
130 313 258 337 munus
277 302 433 337 fortunae
445 327 457 345 ,
479 299 579 343 quod
597 300 633 333 in
653 310 695 334 ea
714 299 927 342 potissimum
945 307 1006 332 ur-

20 347 68 382 be
90 356 192 381 natus
215 345 288 389 est,
314 347 351 380 in
373 356 441 388 qua
460 344 686 379 domicilium
706 343 805 378 orbis
833 351 1006 377 terrarum

21 391 110 426 ess'ct
130 390 296 434 imperii,
323 400 363 424 ut
383 389 531 424 candem
551 386 587 422 δε
615 388 764 431 patriam
790 387 939 421 haberet
965 382 1005 420 &

20 435 181 471 domum.
228 434 314 469 Hoc
332 434 513 478 specimen
533 432 757 476 prudentiae,
778 431 875 474 quod
895 439 1006 472 quum

20 480 59 514 in
80 491 155 514 eam
175 479 358 514 civitatem
379 478 414 512 se
433 477 664 521 contuliss‘ct,
680 487 756 519 quae
774 475 1004 518 antiquitate,

20 524 261 567 humanitate,
288 523 451 558 doctrina
474 520 653 565 praestarct
681 531 830 565 omnm,
856 530 948 554 unus
969 518 1009 554 ei

21 578 104 603 ante
128 568 220 603 alios
244 567 355 602 fuerit
379 566 580 601 cariffimus.

380 610 411 644 C
436 621 460 644 Α
486 621 520 644 P.
570 609 646 644 IV.
992 626 995 627 ⁷

24 654 161 727 Huc
182 667 229 690 ex
247 653 331 690 Afia
355 654 450 689 Sulla
478 653 661 688 decedens
690 663 797 696 quum
826 652 1005 698 venisset,

130 699 297 743 quamdiu
329 699 383 734 ibi
416 698 489 732 fuit
507 723 519 742 ,
554 697 671 732 secum
697 697 821 732 habuit
846 697 1008 740 Pompo—

25 746 146 789 nium,
159 754 281 787 captus
303 743 549 779 adolescentis
568 740 604 777 ὅ(
624 743 866 786 humanitate,
879 739 915 776 ἃ
939 741 1008 776 do-

24 790 148 825 eti-ina.
167 789 238 830 ⁴Sic
259 789 356 823 enim
378 787 506 822 Graece
529 787 766 830 loquebatur,
792 795 832 820 ut
850 785 1008 820 Athenis

25 844 127 869 natus
147 833 344 867 videretur.
393 830 426 864 T
428 841 507 866 anta
525 841 642 866 autem
662 831 812 865 suavitas
842 840 917 865 erat
936 830 1010 864 ser-

23 879 144 914 monis
164 876 308 921 Latini,
322 885 361 910 ut
380 885 587 919 appareret,
600 875 635 909 in
657 886 704 909 eo
726 874 883 909 nativum
896 885 1011 917 quen-

24 921 101 957 dam
132 923 296 964 leporem
324 919 416 964 esse,
453 931 528 955 non
557 919 740 954 adscitum.
789 918 889 952 Ideni
919 919 1012 961 poe·

24 976 117 1002 mata
135 964 391 1009 pronuntiabat
410 961 446 998 δε
467 974 580 1010 graece
601 961 638 997 ἃ
658 963 791 1007 latine,
817 961 865 1005 fic
892 972 932 997 ut
950 961 1009 996 su-

25 1021 90 1055 pra
110 1010 206 1044 nihil
226 1009 343 1052 poss'et
361 1007 458 1043 addi.
494 1008 637 1054 Quibus
659 1008 764 1042 rebus
782 1007 912 1041 fadum
933 1005 1007 1051 est,

24 1064 66 1090 ut
83 1055 180 1089 Sulla
200 1053 366 1096 nusquam
393 1053 510 1098 [eum]
536 1053 576 1087 ab
596 1051 631 1086 se
653 1051 876 1095 dimitteret,
896 1061 1008 1094 cupe-

19 1109 152 1141 retque
191 1098 310 1133 secum
337 1097 536 1132 deducere.
574 1096 633 1130 cui
660 1107 767 1138 quum
795 1095 1010 1139 persuadere

25 1153 206 1187 tentaret,
234 1143 335 1186 noli,
363 1153 430 1177 oro
451 1150 511 1186 tc,
537 1140 657 1183 inquit
676 1140 928 1184 Pomponius,
948 1138 1009 1174 ad-

26 1188 168 1223 versum
204 1198 267 1221 cos
296 1198 351 1220 me
381 1186 478 1220 velle
507 1184 664 1228 ducere,
699 1195 777 1219 cum
806 1184 933 1226 quibus
964 1193 1009 1218 nc

27 1242 154 1268 contra
173 1240 209 1265 te
230 1242 320 1265 arma
338 1230 491 1273 ferrem,
518 1229 651 1263 Italiam
673 1229 818 1271 reliqui.
861 1227 913 1262 At
930 1228 1010 1262 Sul-

26 1277 85 1320 la,
111 1275 354 1311 adolescentis
375 1273 497 1309 officio
522 1272 906 1318 collaudato,'01nnia
934 1282 1012 1305 niu-

28 1331 115 1356 ncra
144 1320 202 1364 ei,
239 1330 314 1362 quae
341 1317 498 1353 Athenis
528 1326 742 1362 acceperat,
775 1316 1010 1360 proficiscens

27 1364 121 1409 jusfit
148 1363 296 1398 deferri.
345 1363 419 1397 Hic
447 1363 656 1405 complures
683 1373 797 1396 annos
826 1370 1009 1404 moratus,

30 1420 136 1452 quum
157 1406 193 1443 ἃ
208 1408 258 1442 rei
278 1407 444 1442 familiari
465 1416 600 1440 tantum
621 1405 743 1449 operae
763 1405 888 1449 daret,
901 1416 1012 1448 quan-

28 1462 103 1488 tum
137 1464 210 1488 non
245 1451 445 1495 indiligens
481 1450 631 1485 deberet
662 1450 940 1494 paterfamilias,
970 1446 1009 1484 δε

29 1497 150 1532 omnia
168 1497 305 1539 reliqua
324 1505 486 1538 tempora
504 1504 565 1529 aut
584 1495 715 1529 litteris
735 1503 795 1528 aut
806 1493 1010 1528 Athenien-

0 1571 1 1574 ,
27 1540 115 1576 fium
144 1542 283 1584 reipub.
318 1540 514 1580 tribueret,
542 1539 776 1573 nihilominus
804 1538 925 1573 amicis
950 1548 1009 1571 ur-

0 1586 118 1631 gbana
137 1584 254 1620 officia
273 1582 449 1628 praestitit.
479 1582 573 1618 Nam
595 1582 630 1618 ἃ
652 1582 694 1617 ad
714 1582 862 1616 comitia
880 1593 1009 1617 eorum

0 1657 1 1671 ¹
27 1629 237 1673 ventitavit,
251 1626 288 1664 ὃς
300 1623 325 1663 fi
336 1639 403 1671 qua
412 1639 467 1662 res
480 1629 594 1671 major
604 1628 680 1662 ac‘ta
690 1625 741 1662 est
752 1652 763 1670 ‚
779 1638 852 1661 non
875 1626 1006 1661 defuit.

17 1672 120 1712 ‚ficut
138 1673 311 1709 Ciceroni
332 1673 368 1707 in
382 1672 549 1708 omnibus
562 1672 679 1716 (ejus)
699 1671 873 1715 periculis
892 1669 1011 1713 fingu-

27 1718 137 1753 larem
157 1716 263 1752 fidem
283 1716 527 1760 praebuit2cui
546 1728 591 1751 ex
611 1716 721 1760 patria
738 1715 893 1760 fugienti
906 1714 1007 1749 LLS.

30 1761 185 1797 ducenta
201 1760 238 1796 ἃ
267 1761 658 1806 quinquaginta²millia
685 1759 848 1795 donavit.
897 1759 1010 1793 Tran-

30 1805 192 1849 quillatis
210 1815 326 1840 autem
345 1807 450 1840 rebus
471 1804 670 1845 Romanis,
695 1802 902 1847 remigravit
930 1801 1010 1836 Ro-

29 1861 118 1885 mam
132 1876 144 1894 ,
171 1859 209 1883 ut
228 1849 387 1893 opinor,
408 1847 453 1883 L.
473 1848 584 1883 Cotta
604 1847 640 1883 δε
654 1847 897 1889 L.Torquato
910 1845 1008 1881 Coss'.

31 1905 136 1938 quem
171 1893 265 1928 diem
299 1892 346 1928 fic
380 1892 542 1927 universa
575 1892 701 1926 civitas
734 1889 1010 1926 Atheniensium

30 1938 223 1989 prosecuta
241 1936 314 1982 est,
340 1947 380 1974 ut
402 1936 559 1975 lacrimis
579 1935 747 1973 dessdcrii
769 1935 882 1971 futuri
901 1934 1011 1972 dolo-

23 1992 106 2024 nem
128 1982 318 2020 mdlcaret.

21 2087 73 2124 ='³,1
98 2101 108 2108 ,Δ
870 2068 900 2108 C
925 2080 949 2106 Α
974 2079 1008 2106 r.
