1170 2248
20 0 44 50 Ἴ
207 17 824 86 XXIILHAnnxniz.
937 61 1027 94 103.

31 78 114 134 lium
138 86 332 128 Consules.
381 91 451 127 His
480 93 579 128 enim
607 92 866 139 magistratibus
892 94 1005 142 legati

32 136 338 182 Karthaginienses
367 136 522 172 Romam
548 148 750 181 venerunt,
776 139 838 182 qui
865 139 1009 176 senatui

30 182 243 265 {epuloque
262 181 432 217 Romano
452 183 579 227 gratias
598 193 769 228 agerent,
796 184 896 227 quod
924 195 1010 219 cum
1028 188 1030 190 ’

53 237 82 260 is
102 236 222 268 pacem
245 225 432 271 fecissent,
459 227 507 261 ob
527 238 675 270 eamque
697 239 771 262 rem
789 239 929 264 corona
946 240 1009 278 au-

28 278 86 305 rea
110 281 173 305 eos
202 269 403 315 donarent,
429 269 601 314 simulque
628 281 819 318 peterent,
844 283 887 308 ut
914 274 1011 308 obn-

28 313 92 349 des
123 325 249 349 eorum
278 315 455 358 Fregellis
482 315 618 367 ess'ent,
645 317 850 360 captivique
879 317 1010 365 redde-

28 367 166 394 rentur.
195 358 266 392 His
287 370 332 394 ex
351 361 499 394 Senatus
519 361 692 395 conlulto
712 361 921 405 responsum
935 362 1007 396 est:

26 413 153 437 munus
183 414 309 437 eorum
337 414 475 449 gratum
503 415 761 448 acceptumque
791 406 882 441 ess'e:
917 405 1010 441 obfi-

28 446 115 491 des,
142 458 214 489 quo
234 448 322 482 loco
341 457 533 493 rogarent,
553 448 718 484 futuros:
746 451 911 494 captivos
932 458 1009 486 non
1026 495 1028 497 Ι

26 491 253 536 remifl'uros,
279 492 380 535 quod
400 491 664 537 Hannibalem,
691 495 793 538 cujus
822 506 935 539 opera
955 495 1012 529 su-

28 535 192 579 sceptum
219 536 357 572 belluni
383 537 481 572 foret
499 563 511 582 ,
555 537 832 574 inimicissimum
869 540 1012 574 nomini

28 578 223 625 Romano,
245 578 281 615 &
304 591 400 616 nunc
420 592 499 615 cun]
520 582 673 625 imperio
697 583 790 625 apud
811 585 1025 619 exercitum?

27 624 223 669 haberent,
247 625 404 667 itemque
424 625 566 660 fratrem
585 627 661 669 ejus
682 627 890 672 Magonem*
921 628 1010 663 Hoc

28 667 203 712 responso
224 669 538 714 Karthaginienses
564 669 742 715 cognito,
770 670 1014 707 Hannibalem

29 713 175 747 domum
203 713 528 758 (Magonemque)
564 724 792 750 revocarunt.
843 716 940 761 Hic,
974 728 1015 751 ut

30 755 164 802 rediit,
190 765 325 800 praetor
353 757 465 793 faetus
487 757 561 802 est,
589 758 775 802 postquam
802 771 867 796 rex
894 761 1016 796 fuerat

27 811 124 836 anno
151 801 314 836 secundo
344 799 380 836 δε
418 801 604 847 vigesimo.
673 805 724 839 Ut
754 805 850 840 enim
885 803 1018 840 Roma:

26 842 239 889 Consules,
265 845 312 880 fic
332 846 547 892 Karthagine
579 849 771 890 quotannis
800 851 908 885 annui
938 850 1018 885 bini

31 900 135 934 reges
155 891 376 925 creabantur.
419 891 460 925 ln
480 903 526 926 eo
546 891 744 942 magistratu
764 895 839 936 pari
857 895 1016 935 diligen-

32 933 81 968 tia
99 933 134 968 se
158 933 337 969 Hannibal
348 936 523 979 praebuit,
537 947 576 970 ac
594 938 711 972 fuerat
722 938 757 971 in
777 939 891 974 bello.
903 931 1025 974 Nalm.

35 989 105 1020 que
125 977 271 1022 effecit,
285 979 447 1014 exnovis
461 981 697 1025 vectigalibus
718 993 792 1017 non
813 982 925 1018 solum
938 1010 950 1029 ,
974 994 1015 1019 ut

33 1022 121 1057 ess'et
141 1024 318 1067 pecunia,
346 1035 422 1066 quae
442 1023 618 1060 Romanis
648 1037 694 1060 ex
721 1026 856 1062 foederc
878 1028 1017 1071 pende-

35 1076 155 1111 retur,
182 1067 366 1102 sedetiam
388 1068 604 1114 superesset,
634 1081 710 1112 quae
730 1070 767 1106 in
797 1074 919 1108 aerario
949 1085 1019 1116 po-

34 1120 196 1146 neretur.
246 1111 417 1157 Deinde,
443 1124 537 1149 anno
567 1113 648 1157 post
673 1125 883 1161 praeturam,
918 1119 1018 1152 Mar-

41 1165 88 1190 co
109 1154 289 1201 Claudio,
316 1155 437 1192 Lucio
458 1157 571 1192 Furio
592 1158 689 1194 Cosl'.
718 1159 876 1196 Romani
905 1162 1019 1207 legati

35 1198 289 1243 Karthaginem
309 1212 501 1236 venerunt.
552 1201 634 1238 Hos
665 1202 849 1240 Hannibal
876 1205 928 1240 sui
958 1218 1022 1241 ex-

18 1243 214 1287 poscendi
233 1245 344 1290 gratia
364 1245 483 1281 missos
503 1256 620 1290 ratus,
646 1248 854 1291 priusquam
883 1251 936 1284 his
967 1251 1021 1286 se—

36 1297 137 1322 natus
168 1288 331 1332 daretur,
358 1300 481 1325 navem
512 1291 728 1327 conscendit
756 1294 845 1327 clam
866 1320 878 1338 ,
912 1305 1019 1338 atque

36 1331 76 1366 in
97 1332 226 1377 S3·1·iam
247 1333 290 1367 ad
308 1332 531 1369 Antiochum
558 1336 734 1381 profugit.
784 1336 864 1373 Hac
892 1351 930 1373 re
959 1352 1022 1382 pa-

33 1376 102 1410 lam
130 1376 221 1411 faeta
247 1376 348 1413 Poeni
375 1390 483 1414 naves
510 1379 620 1425 duas,
646 1391 723 1424 quae
751 1392 831 1417 eum
851 1394 1020 1427 compre-

34 1419 298 1465 henderent,si
318 1423 461 1466 poss'ent
480 1424 681 1469 consequi,
705 1426 900 1472 miserunt,
923 1429 1019 1464 'nona

38 1465 114 1507 ejus
139 1466 387 1508 publicarunt:
414 1467 559 1503 domum
587 1481 606 1504 a
633 1469 879 1507 fundamentis
909 1472 1019 1518 disje-

37 1518 185 1544 cerunt:
211 1509 324 1553 ipsum
344 1511 502 1547 exsulem
521 1513 741 1557 judicamnt.

366 1555 396 1590 C
421 1568 446 1591 A
472 1568 490 1592 r
514 1583 522 1592 .
555 1557 688 1593 VIII.

37 1599 124 1665 At
144 1596 326 1634 Hannibal
344 1611 438 1636 anno
458 1602 585 1647 tertio,
598 1602 783 1645 postquam
803 1604 914 1642 domo
933 1617 1022 1650 pro·

131 1641 301 1688 fugerat,
335 1643 380 1679 L.
416 1644 627 1691 Cornelio,
662 1647 804 1696 Quinto
846 1651 1021 1687 Minucio

38 1685 136 1722 Coss'.
162 1698 243 1722 cum
264 1689 424 1732 quinque
445 1691 591 1726 navibus
612 1691 769 1728 Africam
792 1695 955 1740 accellit,
981 1697 1018 1730 in

37 1729 169 1766 finibus
198 1731 452 1778 Cyrenaeorum
472 1761 483 1778 ,
517 1734 542 1770 fi
571 1736 670 1772 sorte
703 1738 1017 1784 Karthaginienses

39 1774 84 1809 ad
112 1776 245 1811 bellum
267 1802 279 1821 ,
314 1777 493 1814 Antiochi
521 1780 583 1823 spe
612 1780 813 1825 fiduciaque
846 1784 1018 1819 inducere

39 1818 179 1861 posset:
206 1820 264 1854 cui
283 1821 349 1864 jam
369 1823 607 1869 persuaserat,
633 1835 673 1860 ut
693 1838 772 1860 cum
792 1829 1017 1862 exercitibus

37 1863 75 1897 in
97 1862 230 1898 Italiam
258 1865 562 1907 proficisceretur.
613 1868 697 1904 Huc
723 1870 921 1914 Magonem
950 1873 1021 1906 sra-

41 1916 130 1941 trem
161 1907 310 1943 excivit.
345 1909 388 1944 Id
412 1911 474 1945 ubi
499 1910 596 1946 Poeni
621 1913 864 1958 resciverunt,
885 1916 1018 1957 l'vlaao-

68 1962 122 1986 em
147 1951 292 1997 cadem,
319 1964 386 1996 qua
403 1954 568 1999 fratrem,
594 1966 698 1999 poena
719 1957 926 1994 affecerunt.
957 1959 1019 1996 [lli

29 1962 235 2039 {esperatis
255 1998 360 2033 rebus
379 2009 485 2042 quum
505 1999 690 2036 solvissent
716 2013 844 2047 naves,
870 2015 910 2038 ac
938 2006 1022 2040 ve‘a

39 2039 161 2077 ventis
179 2040 382 2090 dedissent,
407 2042 589 2079 Hannibal
615 2045 658 2082 ad
685 2046 906 2085 Antiochum
938 2061 1019 2093 pcr-

496 2087 530 2125 G
551 2098 576 2133 4
956 2104 1019 2129 ve—

1159 1601 1170 1998 s-Qm-—m——h-e--n-a—mi»
1168 1582 1170 1585 .
1166 1559 1170 1566 .
1165 1498 1170 1533 .--
