1170 2248
232 37 845 82 Xv11.AcEs1zaus.
983 60 1030 94 77

44 93 121 120 non
145 83 365 130 reliquisset,
394 94 468 121 tum
487 87 732 135 deligebatur,
756 93 815 133 qui
836 92 1027 136 proximuae

48 127 135 163 esset
152 130 438 173 propinquitate.
462 131 636 168 Mortuus
658 145 733 169 erat
752 136 844 181 Agis
858 148 946 183 rex,
958 138 1028 173 fra-

41 179 100 207 ter
123 170 297 223 Agefilai.
357 174 472 210 filium
501 177 698 221 reliquerat
724 178 988 225 Leotychidem

42 225 147 257 quem
168 217 232 252 1llc
253 227 372 252 uatum
391 230 467 254 uon
487 231 654 265 agnorat:
691 224 844 259 eundem
864 226 1003 262 morleu

38 258 137 295 suum
159 260 227 297 ess'e
247 261 400 298 dixerat.
425 263 459 298 Is
481 264 525 300 de
544 266 685 301 honore
704 268 807 318 regni
827 279 905 304 cum
925 268 1025 315 Age,

39 302 126 339 filao
146 304 212 340 suo
233 316 359 349 patruo
379 308 595 344 contendit:
616 321 732 353 neque
755 312 791 347 1d
810 312 909 355 quod
926 314 1023 357 peti-

38 347 114 393 vit,
142 350 358 385 consecutus
377 350 440 386 cst.
467 351 560 388 Nam
580 353 765 400 Lysandro
785 356 1020 403 suffragante,

37 390 210 437 homine,
245 404 284 429 ut
307 393 527 431 ostendimus
545 397 673 444 supra,
707 400 882 446 faffioso,
909 400 946 438 ὅ(
965 402 1023 439 his

36 438 262 480 temporibus
282 448 458 518 potentce,
486 439 672 522 Agefillcius
691 446 866 482 antelatus
885 445 948 482 est.

456 496 481 519 A
507 496 542 520 P.
638 512 647 521 .
709 507 713 510 <

36 522 161 591 Hic
190 524 400 571 simulatque
420 528 562 572 imperii
580 531 723 574 potitus
743 531 816 578 est,
850 532 1022 577 persuasit

130 569 415 607 Laccdaemoniis
428 598 439 617 ‚
475 584 514 608 ut
533 576 736 611 exercitum
756 578 962 614 emitterent
979 580 1020 616 in

32 611 177 658 Asiam,
204 615 408 658 bellumque
428 618 503 662 regi
521 618 704 654 facerent:
727 621 865 657 docens
908 623 1018 660 satius

33 656 103 691 ess‘e
124 659 160 692 iu
180 657 284 704 Asia,
310 670 412 701 quam
430 660 467 695 in
488 662 633 705 Europa
652 664 824 700 dimicari.
851 646 1018 710 Namque

31 700 122 735 fama
143 702 300 747 exierat,
321 702 562 740 Artaxerxem
583 718 787 751 comparare
807 711 915 745 classis
928 722 1020 755 ‚pe-

31 742 230 787 destrisque
251 748 456 793 exercitus,
470 760 560 791 quos
581 751 619 786 in
641 752 818 789 Graeciam
838 756 1015 791 mitteret.

30 786 124 824 Data
145 789 348 836 potestate,
361 800 457 827 tauta
477 795 664 831 celeritate
684 796 766 832 usus
787 797 851 843 est,
862 809 902 833 ut
913 800 1017 843 prius

28 831 68 867 iu
89 832 204 868 Asiam
225 845 304 869 cum
323 836 440 879 copiis
458 840 667 879 perveniret
684 866 696 885 ,
734 853 834 884 quam
855 844 944 889 regii
963 844 1016 880 sa-

29 884 139 920 trapae
160 888 239 912 eum
258 879 392 922 scirent
410 882 628 923 profectum·
679 884 766 934 Quo
788 887 917 922 sactum
935 888 987 923 est
999 914 1013 933 ‚

29 929 70 954 ut
99 932 223 957 omncs
244 923 435 966 imparatos
454 926 773 972 imprudentesque
793 931 1014 968 offenderet.

32 962 77 998 Id
105 975 144 1000 ut
172 966 350 1011 cognovit
369 967 642 1017 Tissiapherues,
677 974 740 1016 qui
760 974 928 1011 summum
948 976 1014 1011 im-

30 1010 172 1052 perium
193 1019 266 1046 tum
284 1010 380 1047 inter
398 1014 587 1056 praefec‘tos
607 1017 758 1052 habebat
775 1019 918 1065 regios,
955 1020 1011 1055 in-

32 1052 156 1089 ducias
175 1065 193 1089 a
211 1053 360 1091 Lacone
379 1057 511 1100 petivit
528 1084 541 1104 ,
577 1059 740 1097 simulans
764 1062 800 1097 se
822 1063 903 1098 dare
924 1075 1014 1108 ope-

28 1106 100 1131 ram
114 1123 126 1142 ‚
149 1108 190 1133 ut
208 1097 498 1138 Lacedaemoniis
518 1113 596 1138 cum
616 1115 700 1150 rege
720 1108 937 1143 conveniret
950 1121 958 1142 ε
971 1120 1012 1145 re

27 1151 146 1176 autem
169 1154 272 1189 vera,
299 1144 343 1179 ad
362 1145 484 1190 copias
504 1150 776 1191 comparandas:
798 1163 926 1195 casque
945 1153 1012 1187 im-

26 1187 182 1228 petravit
203 1187 406 1225 trimestres.
430 1190 564 1235 Juravit
583 1202 699 1228 autem
717 1203 870 1238 uterque
886 1196 946 1241 ,se
965 1196 1009 1231 fi-

28 1241 75 1264 ne
98 1230 189 1266 dolo
208 1232 369 1267 inducias
388 1234 693 1273 conservaturum.
735 1239 772 1274 in
791 1251 856 1282 qua
872 1241 1012 1283 pac'lio·

26 1284 72 1308 ne
93 1274 222 1310 summa
241 1275 311 1311 side
331 1277 452 1312 mansit
470 1277 678 1324 Agesilaus:
697 1292 823 1318 contra
843 1295 883 1319 ea
901 1283 1013 1320 Tiffa-

24 1318 182 1362 pherues
204 1319 292 1356 nihil
310 1321 407 1356 aliud
428 1333 527 1366 quam
548 1325 683 1361 bellum
702 1328 932 1371 comparavit.
960 1328 1006 1365 Id

25 1360 91 1397 etfi
112 1362 287 1399 sentiebat
306 1362 406 1401 Laco
419 1392 430 1411 ,
444 1376 557 1402 tamen
576 1370 822 1413 jusjurandum
834 1372 1007 1420 servabat,

24 1407 246 1451 multumque
267 1409 305 1444 in
326 1421 372 1444 eo
393 1411 427 1445 se
447 1412 620 1459 consequi
640 1414 804 1459 dicebat,
817 1416 914 1459 quod
927 1416 1008 1453 Tis-

21 1449 212 1494 saphernes
232 1454 392 1497 perjurio
412 1455 476 1490 suo
496 1453 533 1490 ἀ
553 1458 718 1493 homines
738 1459 811 1495 suis
831 1461 934 1496 rebus
946 1462 1007 1497 ab·

21 1494 194 1532 alienaret
213 1523 225 1541 ,
269 1494 306 1533 &
324 1498 414 1533 deos
433 1498 496 1535 fibi
515 1501 626 1536 iratos
646 1502 844 1539 redderet:
888 1504 924 1539 se
944 1517 1006 1540 au-

20 1545 94 1574 tem
137 1541 270 1576 servata
308 1543 487 1588 religione
522 1545 733 1582 confirmare
771 1549 969 1584 exercitum
990 1576 1004 1598 ,

21 1592 129 1625 quum
158 1585 460 1622 animadverteret
489 1587 638 1624 deorum
660 1602 792 1626 numen
811 1593 929 1627 facere
949 1593 1005 1628 se-

19 1636 100 1663 cum
135 1629 370 1673 hominesque
390 1630 453 1667 sibi
472 1634 662 1669 conciliari
681 1635 891 1682 amiciores,
904 1636 1006 1679 quod

18 1670 74 1722 his
103 1653 244 1711 studere
262 1674 491 1714 consuessent
507 1704 519 1724 ‚
555 1690 645 1723 quos
666 1679 875 1717 conservare
895 1680 1007 1719 fidem

19 1715 198 1754 viderent.

376 1765 407 1801 C
432 1778 455 1802 A
483 1777 517 1803 P.
566 1768 650 1804 III.

18 1803 76 1873 P
91 1804 245 1851 ostquam
267 1808 490 1846 induciarum
511 1813 684 1855 praeteriit
702 1812 780 1849 dies
830 1815 1004 1851 barbarus

89 1861 163 1887 non
183 1851 369 1898 dubitans,
397 1855 496 1898 quod
515 1856 623 1899 ipsius
645 1868 744 1892 erant
762 1840 915 1901 piurima
933 1858 1002 1894 do-

14 1893 154 1930 micilia
171 1896 207 1930 in
229 1895 352 1941 Caria,
366 1895 402 1932 ἃ
423 1910 464 1932 ca
484 1900 586 1944 regio
605 1900 660 1935 his
671 1902 896 1944 temporibus
908 1904 1002 1938 mul·

15 1945 57 1973 to
86 1940 276 1982 putabatur
300 1941 599 1988 locupletissima‚
634 1954 681 1978 eo
701 1945 913 1988 potiffimum
933 1947 1000 1981 ho-

15 1979 84 2017 stes
104 1982 276 2027 impetum
295 1985 451 2021 faeturos
463 2012 475 2031 ‚
488 1998 613 2022 omnes
630 1987 704 2023 suas
717 1989 838 2033 copias
850 2000 896 2025 eo
909 2000 1001 2025 con-

17 2030 184 2065 traxerat.
211 2027 263 2065 At
281 2027 468 2078 Agesilaus
486 2031 523 2068 iu
543 2031 729 2080 Phrygiam
745 2033 782 2071 se
794 2035 998 2081 convertit,

315 2088 326 2101 υ
906 2088 1001 2115 effl-
