1170 2248
354 10 436 63 'X.
508 23 768 61 Dron.
1030 7 1095 66 53*

93 73 319 122 frangebatur
383 71 421 108 ὃς
449 69 609 106 insuetus
628 70 718 104 male
738 65 912 104 audiendi
935 77 1010 103 non
1029 79 1074 102 ω-

94 131 167 164 quo
185 119 304 157 animo
321 98 487 160 sscrebat‚
507 114 552 149 de
571 114 608 149 se
627 115 668 149 ab
690 114 733 148 iis
751 113 842 148 male
861 111 1071 155 existimari,

95 174 245 206 quorum
273 161 398 205 paullo
420 169 503 195 ante
524 159 561 194 in
581 159 710 193 coelum
729 158 849 193 fuerat
867 157 980 191 elatus
998 157 1074 190 lau-

93 208 211 243 dibus.
268 206 411 249 Vuigus
430 213 570 247 autem,
604 202 742 237 offensa
761 203 798 236 in
817 212 898 236 eum
916 199 1074 234 militum

91 251 304 293 voluntate,
330 250 481 284 liberius
501 248 736 291 loquebatur,
764 243 801 282 δε
819 258 991 292 tyrannum
1011 257 1073 280 mm

26 296 29 305 ¹
83 300 259 338 ferendum
279 294 477 331 dietitabat.

428 337 461 372 C
484 348 508 372 A
534 347 568 372 P.
616 334 746 371 VIII,

91 383 233 454 Haee
254 384 317 419 ille
338 384 506 427 intuens,
545 392 676 424 quum,
702 376 1001 422 quemadmodum
1019 376 1074 414 se-

184 429 306 472 daret,
333 427 511 471 nesciret,
537 425 574 461 ὸζῖ
595 424 763 468 quorsum
784 424 998 467 evaderent,
1025 423 1071 457 ti·-

89 483 228 516 meret3
261 471 474 507 Callicrates
495 469 658 513 quidam,
694 469 784 503 civis
805 465 1036 502 Atheniensis
1055 491 1069 510 ‚

90 518 152 562 q'ui
180 517 281 552 fimul
309 527 390 550 cum
419 527 465 550 eo
495 526 541 550 ex
570 511 830 556 Peloponneso
861 512 896 546 in
915 511 1073 546 Siciliam

88 563 380 605 venerat‚homo
401 557 439 594 ἃς
459 557 610 594 callidus
629 555 666 592 ὃς
686 555 729 591 ad
747 555 908 590 fraudem
930 564 1070 599 acutus,

86 605 161 640 fine
182 607 258 640 ulla
276 604 456 650 religione
474 613 514 638 ac
533 601 628 645 fide,
663 601 737 635 adit
754 599 798 634 ad
817 599 998 643 Dionem,
1033 596 1073 634 &

89 651 251 685 ait:eum
273 650 346 694 [in]
367 659 493 692 magno
514 644 680 689 periculo
700 643 770 678 ess'e
790 643 1072 686 propteroffen-

87 692 226 729 fionem
245 691 399 736 populi,
434 689 472 726 &
493 689 617 725 odium
636 688 812 722 militum:
848 687 947 730 quod
966 687 1072 722 nullo

87 737 200 773 modo
230 736 362 771 evitare
392 735 510 779 poffet
529 758 540 778 ‚
576 731 641 768 nifi
660 731 772 766 alicui
789 731 934 767 suorum
956 742 1069 776 nego-

87 782 177 816 tium
196 780 317 824 daret,
332 781 395 822 qui
411 779 446 814 sc
466 777 649 813 simularet
668 776 724 810 illi
743 776 928 810 inimicum
942 787 950 810 :
964 786 1072 818 quein

81 825 112 863 fi
133 825 322 860 inveniffet
339 824 535 867 idoneum,
547 816 656 856 facile
677 820 838 855 omnium
857 819 996 855 animos
1008 831 1072 854 co-

86 871 268 916 gniturum
281 895 292 914 ‚
314 867 602 909 adversariosque
621 865 859 909 sublaturum,
882 863 982 907 quod
1002 864 1072 898 ini·

87 914 172 949 mici
199 915 275 957 ejus
305 912 486 948 diffidenti
506 911 590 946 su'os
612 909 735 945 sensus
754 909 912 952 aperturi
929 909 1069 944 forent.

86 957 171 994 Tali
206 956 362 993 consilio
399 957 553 1000 probato
582 954 724 997 excipit
750 954 810 988 has
842 962 963 995 partes
993 951 1071 996 ipse

87 1002 296 1037 Callicrates
310 1026 322 1044 ,
347 999 383 1036 δε
405 1001 439 1035 se
459 1007 566 1034 armat
583 997 829 1041 impmdentia
846 996 1005 1031 Dionis:
1026 994 1072 1031 ad

88 1058 183 1082 cum·
199 1044 490 1080 interficiendum
515 1042 637 1078 socio&
659 1041 859 1083 conquirit.
908 1039 1071 1074 adversa-

87 1092 160 1125 rios
191 1090 267 1133 ejus
297 1088 474 1124 convenit
493 1113 505 1131 ,
548 1086 838 1130 conjurationem
867 1083 1068 1119 confirmat.

84 1133 162 1169 Res
182 1134 302 1168 mustis
323 1132 478 1168 consciis
498 1141 574 1174 quae
585 1139 792 1175 gereretur,
805 1129 897 1163 elata
914 1127 1070 1163 refertur

86 1179 131 1213 ad
158 1177 433 1212 Aristomachen
462 1175 624 1211 sororem
644 1173 778 1208 Dionis
797 1198 809 1217 ,
846 1182 1069 1215 uxoremque

84 1222 240 1257 Areten.
268 1223 344 1256 11}ae
364 1221 493 1255 timore
514 1218 715 1262 perterritae
737 1217 984 1258 conveniunt,
1005 1227 1069 1250 cu-

85 1267 141 1311 jus
161 1266 205 1300 de
226 1265 396 1309 periculo
417 1264 605 1298 timebant.
645 1261 696 1296 At
715 1262 778 1296 ille
799 1270 904 1306 negat
922 1273 940 1295 a
958 1260 1070 1295 Calli-

84 1320 183 1346 crate
203 1309 281 1344 fieri
303 1308 368 1344 fibi
386 1306 552 1352 infidiam,
573 1305 635 1340 sed
652 1306 735 1349 illa,
757 1316 833 1348 quse
853 1314 1067 1350 agerentur,

86 1354 167 1390 fieri
185 1362 368 1398 praecepto
389 1351 468 1387 suo.
502 1351 685 1386 Mulieres
707 1350 826 1384 nihilo
846 1349 963 1384 secius
984 1348 1068 1383 Cal-

83 1399 246 1434 lici-atem
273 1398 309 1432 in
329 1396 440 1431 aedem
458 1395 681 1438 Proserpina:
702 1393 910 1437 deducunt,
954 1403 993 1427 ac
1013 1393 1067 1436 ju-

82 1454 158 1478 rare
179 1452 339 1485 cogunt,
365 1445 449 1475 nihil
467 1445 508 1474 ab
529 1444 582 1474 illo
595 1443 736 1484 periculi
749 1443 820 1479 sore
841 1443 953 1471 Dioni.
997 1437 1068 1472 Ille

82 1488 146 1522 hac
173 1487 354 1532 reiigione
382 1496 456 1520 non
485 1483 596 1519 modo
627 1483 687 1527 [ab
716 1482 886 1526 incepto]
908 1492 984 1516 non
1005 1480 1069 1516 de-

82 1531 252 1575 territus,
278 1529 338 1564 sed
359 1528 403 1563 ad
420 1526 664 1563 maturandum
684 1526 885 1561 concitatus
907 1523 979 1569 est,
1001 1535 1063 1559 ve-

82 1587 188 1619 rens,
210 1586 254 1610 ne
274 1574 371 1616 prius
393 1571 584 1608 confilium
602 1571 703 1606 suum
721 1570 940 1614 aperiretur,
963 1580 1067 1614 quam

81 1629 212 1656 conata
229 1616 447 1662 perfecisset.

106 1685 107 1688 =
441 1660 472 1696 C
497 1673 522 1696 A
547 1671 582 1696 P.
632 1659 708 1694 IX.

83 1707 212 1777 Hac
231 1716 350 1743 mente
369 1707 539 1751 proximo
560 1704 620 1739 die
639 1703 732 1739 festo
744 1730 756 1748 ,
769 1715 849 1739 cum
868 1715 887 1739 a
906 1714 1068 1740 conven-

176 1762 214 1787 tu
231 1761 407 1787 remotum
427 1750 462 1784 se
483 1749 586 1784 Dion
606 1748 706 1783 domi
725 1757 890 1793 teneret,
911 1748 1066 1792 atqucin

83 1796 251 1832 conclavi
271 1796 372 1830 edito
393 1794 633 1837 recubuiffet3
667 1793 825 1828 consciis
847 1793 929 1827 loca
947 1793 1064 1826 muni-

82 1843 175 1876 tiora
195 1838 326 1882 oppidi
344 1838 476 1881 tradit,
502 1837 647 1872 domum
668 1835 878 1883 custodibus
900 1835 1016 1880 sepit,
1044 1846 1066 1871 a

79 1885 222 1921 foribus
243 1883 305 1926 qui
323 1893 398 1917 non
418 1881 627 1924 discedant,
664 1890 785 1914 certos
831 1878 977 1914 raeficit:
1002 1891 1064 1914 na·

79 1940 160 1964 vem
181 1927 362 1962 triremem
380 1924 519 1960 armatis
541 1933 664 1968 ornat,
687 1923 806 1958 Philo(
826 1932 977 1965 ratoque
996 1923 1066 1958 fra·

81 1973 129 2009 tri
148 1972 213 2007 sno
237 1970 363 2005 tradit:
393 1979 539 2012 eamque
560 1969 596 2002 in
616 1976 726 2010 portu
744 1967 868 2017 agitari
883 1967 1009 2011 jubet,
1022 1976 1063 2003 ut

80 2016 108 2054 fi
135 2025 306 2055 exercere
335 2013 486 2061 remiges
507 2012 624 2094 vssllet
652 2022 662 2048 ε
689 2020 853 2061 cogitans
870 2035 884 2059 ,
918 2009 945 2049 fi
963 2011 1061 2050 forte

583 2066 603 2101 3
970 2063 1062 2093 cou-
