1170 2248
134 22 377 62 xxw‘T-nu
402 21 633 61 Pomomns
655 22 854 62 Ara-mus.
961 38 1022 64 123

46 70 259 114 conjunetio
279 68 582 105 neceffitudinem
603 81 728 107 eorum
754 70 897 118 sanxit,
920 72 1025 110 fami-

43 113 233 152 liaritatem
251 112 412 150 reddidit
434 114 738 157 frequentiorem.

388 157 419 193 C
443 170 469 193 Λ
495 169 528 193 1³.
578 158 673 195 XX.

126 203 258 239 uamvis
277 211 360 239 ante
379 203 454 237 lime
473 203 652 247 sponsalia
671 216 746 242 non
764 205 902 254 solum,
916 218 1025 253 quum

139 248 180 282 ab
199 248 285 283 urbe
305 247 458 293 abesset,
487 259 665 290 nunquam
685 250 729 285 ad
748 250 892 287 suorum
911 265 1026 297 quen·-

39 301 143 335 quam
161 291 285 327 literas
314 290 430 337 misit,
458 293 545 335 quin
571 292 701 331 Attico
728 297 911 343 mitteret,
937 297 1026 341 quid

39 345 186 386 ageret,
213 336 380 380 inprimis
401 337 488 379 quid
506 337 668 383 legeret,
690 341 889 384 quibusque
909 342 946 377 in
966 343 1024 378 lo-

39 390 94 414 cis
106 405 118 424 ,
132 377 168 415 <Sc
190 380 357 423 quamdiu
376 381 463 416 ess'et
480 373 679 418 mbratums
695 384 776 420 :sed
796 385 903 421 etiam
915 398 1025 433 quum

38 424 128 459 esset
157 425 194 460 in
225 425 333 469 urbe,
361 422 397 459 ἃ
422 435 572 470 propter
588 426 663 463 suas
682 429 840 465 infinitas
869 442 1027 474 occupa-

40 469 166 504 tiones
184 469 301 504 minus
321 469 418 513 saepe
437 481 539 513 quam
550 472 664 507 vellet
674 471 804 509 Attico
823 474 1022 521 frueretur,

39 513 164 548 nullus
185 512 264 548 dies
286 523 402 549 tamen
431 522 567 550 temere
595 516 815 562 intercessit,
843 530 915 562 quo
945 530 1022 555 non

39 556 85 591 ad
104 568 184 592 eum
203 557 394 593 scriberet:
418 569 529 601 quum
547 559 662 595 modo
691 562 829 605 aliquid
857 563 903 599 de
931 564 1024 600 anti-

42 601 178 644 quitate
197 602 239 637 ab
259 613 305 637 eo
326 602 548 644 requireret:
572 604 684 640 modo
702 606 853 648 aliquam
876 609 911 643 ei
930 618 1024 651 quae-

40 645 195 680 stioncm
212 646 393 689 poeticam
413 657 663 690 proponeret:
692 649 876 685 interdum
895 653 1023 695 jocans

38 690 118 740 ejus
136 688 362 725 verbosiores
383 691 536 726 eliceret
554 691 741 735 epistolas.
790 695 849 730 Ex
870 707 942 738 quo
963 707 1020 731 ac-

33 733 154 779 cidit,
183 745 289 777 quum
309 734 403 769 aedes
429 736 532 779 Jovis
559 737 736 783 Feretrii,
762 739 800 773 in
829 739 1021 783 Capitolio

39 778 82 812 ab
102 777 267 814 Romulo
295 778 514 825 constituta,
540 780 716 817 vetustate
744 792 850 826 atque
880 786 1024 821 incuria

43 821 184 857 deteeia
201 824 476 869 prolaberetur,
503 835 542 859 ut
560 824 679 861 Attici
700 826 888 864 admonitu
901 855 912 874 ,
940 829 1018 864 Cae-

36 866 91 902 sar
109 878 184 902 eam
205 867 434 903 reficiendam
455 879 607 905 curaret.
641 869 775 914 Neque
791 883 881 908 vero
901 874 942 909 ab
961 874 1020 910 M.

33 910 211 947 'Antonio
231 913 346 946 minus
366 912 489 947 absens
510 913 644 949 litteris
665 916 873 952 colebatur:
901 918 1022 964 adeo,

37 964 80 990 ut
99 965 262 990 accurate
283 956 346 991 illc
368 967 415 991 ex
434 957 572 993 ultimis
602 959 730 1004 terris,
757 960 844 1003 quid
872 973 1021 1008 ageret,

40 999 131 1043 quid
150 1010 241 1034 curae
261 999 325 1035 fibi
344 1001 512 1046 haberet,
539 1004 736 1039 certiorem
763 1005 902 1042 faceret
920 1006 1021 1041 Atti-

38 1055 134 1079 cum.
169 1044 256 1079 Hoc
275 1046 378 1087 quale
397 1044 464 1091 sit,
488 1046 631 1083 facilius
651 1047 866 1085 existimabit
885 1052 938 1095 is,
959 1050 1023 1095 qui

36 1088 198 1132 judicare
224 1089 387 1134 poterit,
415 1100 553 1132 quanta:
585 1091 627 1127 fit
659 1093 866 1139 sapientise,
893 1106 1020 1131 eorum

37 1133 200 1169 retinere
227 1133 328 1169 usum
362 1134 730 1180 benevolentiamque
750 1164 762 1183 ,
798 1139 896 1174 inter
927 1151 1022 1183 quos

38 1178 268 1213 maximarum
287 1189 404 1213 rerum
425 1190 500 1214 non
520 1179 541 1214 s
537 1181 635 1215 olum
655 1183 933 1228 aemulatio,sed
953 1185 1020 1220 ob-

37 1222 209 1259 treftatio
229 1232 324 1258 tanta
342 1223 617 1269 intercedebat,
640 1235 803 1269 quantam
830 1228 901 1263 fuit
926 1229 1022 1264 inci-

37 1265 124 1301 dere
153 1266 295 1302 necess'e
322 1267 419 1304 inter
443 1266 615 1303 Caesarem
643 1280 749 1314 atque
779 1270 984 1308 Antonium
1004 1299 1019 1319 ,

37 1321 146 1353 quum
172 1310 208 1345 se
236 1320 388 1355 uterque
418 1312 623 1356 principem
654 1326 728 1350 non
766 1315 884 1351 solum
919 1317 1022 1355 urbis

32 1353 236 1401 Romanae,
257 1354 319 1391 sed
343 1356 442 1391 orbis
468 1366 639 1393 terrarum
664 1359 734 1395 effe
760 1370 924 1405 cuperet.

366 1399 397 1435 C
422 1412 446 1436 A
473 1412 506 1437 P.
556 1401 678 1439 XXI.

35 1441 170 1512 Tali
189 1444 301 1481 modo
321 1456 428 1489 quum
448 1446 585 1490 septem
607 1445 643 1483 δε
661 1448 887 1493 septimo-ima
904 1462 1021 1489 annos

121 1489 360 1534 complesset,
386 1499 491 1534 atque
511 1491 556 1526 ad
580 1501 773 1529 extremam
790 1477 1019 1532 T‘enct‘iutem

35 1544 112 1568 non
132 1532 248 1569 minus
274 1533 478 1579 dignitate,
503 1547 604 1579 quam
636 1539 747 1588 gratia
772 1538 1019 1586 fortunaque,

36 1577 223 1613 crevisset:
248 1579 396 1622 (multas
415 1580 511 1615 enim
529 1581 749 1617 hereditates
770 1584 870 1619 nulla
890 1585 958 1620 alia
976 1596 1016 1621 re

61 1633 137 1657 uam
166 1623 329 1658 bonitate
359 1621 411 1657 est
439 1624 711 1671 consecutum)
736 1636 903 1671 tantaque
931 1640 1019 1672 pro-

51 1667 203 1710 petitate
224 1666 305 1702 usus
324 1666 410 1702 esset
429 1669 723 1714 valetudinis,ut
734 1673 1014 1719 annostriginta

35 1710 218 1746 medicina
245 1722 319 1746 non
344 1711 582 1762 indiguissen-
600 1717 722 1751 nactus
751 1715 803 1752 est
828 1719 1014 1762 morbum,

36 1765 142 1798 quem
161 1755 270 1790 initio
291 1753 328 1790 &
347 1755 472 1800 ipse&
485 1758 619 1793 medici
638 1761 924 1796 contemserunt.
938 1774 1018 1797 nam

37 1807 207 1842 putarunt
224 1799 293 1834 ess'e
312 1799 523 1837 tenesmon:
550 1804 609 1837 cui
629 1804 790 1839 remedia
811 1806 948 1840 celeria
965 1806 1017 1840 fa-

35 1842 190 1885 ciliaque
208 1846 520 1886 proponebantur.
545 1846 587 1882 In
607 1848 679 1882 hoc
699 1860 804 1890 quum
825 1858 897 1883 tres
917 1860 1018 1885 men-

33 1886 90 1922 ses
118 1886 192 1922 fine
219 1887 305 1922 ullis
333 1887 526 1925 doloribus
545 1916 557 1934 ,
590 1901 823 1935 praeterquam
851 1904 941 1936 quos
970 1905 1017 1930 ex

38 1932 226 1967 curatione
257 1932 442 1979 capiebat,
469 1934 732 1970 confiunfiss'et:
769 1935 889 1973 subito
919 1947 1017 1973 tanta

35 1975 92 2011 vis
111 1976 228 2013 morbi
248 1976 284 2011 in
306 1987 415 2011 unum
443 1976 650 2013 intestinum
672 1981 862 2025 prorupit,
888 1991 928 2016 ut
953 1993 1016 2017 ex-

16 2027 154 2058 ‘⁴trem0
180 2030 346 2067 tempore
364 2032 431 2067 per
447 2022 592 2104 lmffos
612 2021 725 2061 fistula
749 2025 865 2071 putris
886 2036 1016 2075 erupe-

559 2078 576 2113 5
953 2080 1014 2107 nt.

1153 2018 1165 2047 ,n
1152 1958 1164 2008 -ez
1157 1925 1166 1944 ,μ
1146 1835 1167 1903 ἰ’
1155 1747 1170 1822 ⁶2⁵4.
1157 1644 1170 1716 e-vv·
1167 1625 1170 1631 .
1157 1546 1170 1610 δἐι
1160 1497 1166 1522 *-
