1170 2248
120 39 168 84 84
348 33 607 73 Com-mnu
630 32 860 71 Nanos-12
915 44 917 46 ¹

474 79 506 116 C
530 92 555 116 A
580 91 615 116 ιν.
664 79 739 115 lv.

201 134 328 163 uorum
347 126 524 162 acerrimo
543 123 721 160 concursu
741 133 847 166 quum
859 131 1016 168 magnam
1026 131 1107 166 par-

223 182 296 208 tem
315 171 390 206 diei
402 170 489 205 effet
497 178 691 220 pugnatum
703 193 715 213 ,
729 167 824 203 cadit
834 166 1001 202 Craterus
1011 167 1102 211 dux,

121 215 162 253 ἂ
184 216 480 260 Neoptolemus,
506 225 568 257 qul
594 211 789 248 secundum
808 212 930 246 locum
959 211 1107 254 imperii

121 263 283 298 tenebat.
310 259 404 295 Cum-
416 260 489 294 hoe
507 258 693 294 concurrit
708 255 784 300 ipse
804 255 998 292 Eumenes.
1025 255 1103 302 Qui

121 318 235 350 quum
252 306 351 340 inter
364 303 400 339 se
418 303 630 346 complexi,
652 303 688 336 in
708 309 835 335 terram
855 311 900 334 ex
921 302 1022 343 equis
1042 304 1106 337 de-

119 351 316 395 cidiffent,
341 359 382 384 ut
399 348 506 384 facile
525 346 683 392 intelligi
700 344 817 388 poss'et
834 344 978 380 inimica
1003 357 1105 381 men-

117 405 159 431 te
179 393 430 439 contendisse,
451 392 644 434 animoque
665 389 774 434 magis
794 389 900 424 ctiam
921 390 1103 435 pugnasse,

121 452 227 484 quam
246 448 428 482 corpore:
455 448 531 472 non
559 436 657 479 prius
685 433 839 470 distrac‘ti
867 433 971 480 sunt,
1002 445 1104 477 quam

119 486 276 520 alterum
294 483 407 518 anima
427 480 628 524 reliquerit.
661 478 721 515 Ab
741 481 813 514 hoc
832 477 970 528 aliquot
989 479 1105 524 plagis

118 529 312 567 Eumenes
331 527 692 570 vulneratumneque
711 535 758 559 eo
777 533 886 568 mag1s
907 533 954 559 ex
974 525 1103 567 praelio

116 574 297 618 excessit,
322 571 385 608 sed
402 570 516 606 acrius
534 569 646 605 hostis
677 567 820 604 institit.
870 566 944 602 II-ic
973 568 1104 611 equiti-

118 619 190 654 bus
210 616 410 663 profligatis
430 614 652 660 ,interfec‘to
672 613 765 648 duce
786 611 963 657 Cratero,
982 613 1106 648 multis

118 672 322 709 praeterea,
348 658 385 695 &
406 660 558 694 maxime
576 657 764 694 nobilibus
785 657 921 701 captis,
936 657 1107 700 pedester

119 707 332 750 exercitus,
359 703 459 748 quod
487 703 524 737 in
554 713 595 737 ea
624 703 705 737 loca
735 710 810 736 erat
838 700 1036 748 deduc‘tus,
1062 711 1106 736 ut

118 752 241 788 invito
262 751 428 786 Eumene
450 747 541 782 elabi
562 758 637 782 non
666 745 806 790 posset,
832 755 958 788 pacem
986 748 1028 782 ab
1057 757 1106 782 eo

121 796 248 841 petiit.
300 794 416 842 Quam
446 803 553 834 quum
581 789 797 834 impetrasset
814 815 827 834 ,
862 789 899 824 in
926 789 998 824 fide
1027 801 1106 826 non·

120 839 271 885 manfit,
297 836 335 874 δε
356 839 416 882 se,
441 836 543 871 simul
562 846 601 870 ac
631 835 776 878 potuit,
802 833 846 868 ad
871 833 1105 877 Antipatrum

118 884 277 928 recepit.
327 883 508 918 Eumenes
529 879 715 914 Cratemm
732 889 779 913 ex
797 877 874 912 acie
894 877 1106 914 semivivum

119 931 258 965 elatum
277 937 438 962 recreare
457 924 605 959 studuit.
657 923 778 972 Quum
796 922 833 956 id
862 933 936 957 non
963 923 1104 968 poffet,

120 985 193 1018 pro
213 972 372 1008 hominis
392 969 568 1014 dignitate
582 995 594 1013 ,
620 978 760 1012 proque
783 964 932 1009 pristina
949 967 1110 1003 amicitia

122 1021 298 1062 (namque
318 1017 387 1050 illo
406 1013 487 1050 usus
508 1023 605 1058 erat,
632 1012 846 1047 Alexandro
863 1012 973 1056 vivo,
998 1012 1104 1046 fami-

118 1063 282 1106 liariter)
301 1061 422 1104 amplo
440 1059 570 1094 funere
589 1057 745 1101 extulit,
766 1056 906 1099 ossaque
924 1057 962 1092 in
979 1057 1106 1092 Mace-

121 1107 272 1144 doniam
290 1105 401 1142 uxori
421 1105 499 1150 ejus
497 1114 558 1182 ἐκ
577 1103 723 1182 liberisV
721 1100 864 1138 remisit.

553 1159 578 1182 A
604 1157 640 1182 P.
725 1172 734 1182 .

119 1196 262 1268 Haec
280 1195 364 1230 dum
384 1193 433 1230 ad
446 1192 732 1234 Hellespontum
753 1190 1106 1237 geruntur,Perdic-

234 1252 290 1275 cas
313 1239 408 1283 apud
427 1239 559 1274 flumen
571 1235 699 1271 Nilum
717 1235 937 1271 interficitur
954 1237 1106 1272 aSeleu-

122 1298 171 1322 co
184 1313 196 1331 ,
223 1283 260 1320 δι
280 1283 495 1328 Antigono:
522 1291 714 1322 rerumque
733 1279 863 1314 summa
890 1281 932 1315 ad
952 1281 1105 1324 Antipa-

121 1340 217 1366 trum
236 1329 412 1363 defertur.
456 1325 555 1370 Hic,
582 1325 643 1368 qui
664 1323 914 1368 deseruerant,
942 1326 1107 1360 exercitu

117 1374 325 1420 fuffragium
343 1371 508 1416 ferente,
534 1369 662 1413 capitis
690 1367 854 1403 absentes
883 1369 1105 1405 damnantur.

122 1420 164 1455 in
183 1419 240 1454 his
258 1417 454 1452 Eumenes.
503 1413 584 1449 Hac
605 1413 669 1448 ille
689 1412 875 1455 perculsus
899 1414 1002 1456 play-za
1030 1425 1110 1449 non

120 1462 338 1506 succubuit,
364 1470 483 1503 neque
505 1470 552 1494 eo
580 1457 698 1492 secius
727 1457 862 1492 bellum
886 1456 1108 1496 administra-

122 1509 191 1543 vit.
239 1505 310 1542 Sed
339 1505 456 1540 exiles
483 1514 541 1538 res
570 1502 675 1537 animi
702 1502 1012 1547 magnitudinem,
1041 1501 1106 1538 etsi

119 1562 200 1589 non
219 1551 579 1595 frangebant,tamen
599 1546 873 1582 imminuebant.
896 1545 1005 1582 Hunc
1024 1557 1107 1590 per-

122 1598 280 1640 sequens
301 1594 533 1639 Antigonus,
561 1603 667 1635 quum
687 1591 787 1625 omni
817 1602 952 1636 genere
983 1592 1106 1634 copia-

123 1652 204 1678 rum
230 1638 447 1682 abundaret,
482 1637 577 1679 saepe
605 1636 640 1670 in
670 1635 862 1670 itineribus
889 1635 1104 1670 vexabatur:

121 1695 245 1728 neque
265 1694 417 1727 unquam
437 1681 479 1716 ad
496 1691 633 1715 manum
663 1679 835 1714 accedere
863 1680 1016 1722 licebat,
1042 1678 1106 1714 nifi

123 1731 180 1766 his
202 1729 317 1773 locis,
344 1727 471 1770 quibus
490 1724 596 1768 pauci
611 1723 755 1767 possent
782 1723 903 1758 multis
932 1723 1105 1759 resssteoe.

125 1773 200 1811 Sed
219 1782 385 1808 extremo
413 1779 600 1813 tempore,
620 1779 728 1811 quum
756 1767 910 1803 consilio
930 1769 1007 1810 capi
1031 1779 1107 1804 non

126 1818 271 1863 posset,
296 1813 531 1852 multitudine
558 1814 824 1848 circumventus
843 1811 905 1847 est.
940 1813 1029 1847 hinc
1057 1822 1106 1847 ta-

129 1875 214 1898 men
227 1888 238 1906 ,
264 1860 387 1896 multis
407 1859 477 1894 suis
497 1858 643 1897 amiffis,
657 1857 693 1892 se
712 1857 923 1902 expedivit,
936 1854 973 1892 ἃ
993 1857 1028 1891 in
1049 1868 1106 1891 ca-

127 1907 271 1942 stellum
291 1903 475 1950 Phrygiae,
497 1901 594 1946 quod
612 1901 715 1937 Nora
733 1902 956 1946 appellatur,
978 1900 1108 1936 confu-

128 1953 195 1998 git.
247 1951 286 1984 In
308 1961 381 1993 quo
401 1959 508 1991 quum
532 1945 875 1989 circumsederetur,
901 1943 937 1980 ἃ
965 1956 1107 1979 verere—

132 2007 216 2040 tur,
229 2005 273 2029 ne
294 2006 368 2028 uno
387 1993 474 2028 loco
495 2003 640 2027 manens
653 2001 766 2033 equos
787 1991 958 2025 militares
975 1988 1104 2031 perde-

128 2050 209 2086 ret,
235 2038 336 2084 quod
353 2037 502 2084 spatium
521 2047 597 2078 non
624 2035 710 2075 ess'et
736 2033 912 2082 agitandi:
937 2032 1110 2114 callidfun}

1056 2088 1094 2114 ui
