1170 2248
250 59 787 99 IV.PAvsAN1As.
971 66 1019 103 μ

33 112 184 153 quorum
210 117 337 153 magna
362 106 560 142 multitudo
589 116 692 151 agros
720 100 1022 155 Lacedaemonio·

31 164 109 189 rum
127 152 220 187 colit
239 177 251 196 ,
286 152 540 193 lervommque
559 161 706 185 munere
723 150 899 194 fung1tur.
948 148 1019 183 hos
1070 172 1074 180 .

34 207 178 239 quoque
216 195 412 231 sollicitare
441 194 504 238 spe
532 194 709 229 libertatis
739 192 1018 243 existimabatur.

30 240 94 277 sed
114 239 214 284 quod
233 241 354 274 harum
374 250 491 274 rerum
512 240 650 274 nullum
670 247 744 273 erat
763 246 924 281 apertum
943 247 1025 271 cr1-,

31 295 145 329 men,
183 296 256 327 quo
283 284 381 330 argui
408 283 527 327 poss'et
547 309 559 327 ,
595 294 670 318 non
700 282 870 325 putabant
888 280 932 315 de
953 278 1020 332 tali

31 337 174 371 tamque
213 329 312 363 claro
349 327 430 362 viro
457 327 723 371 suspicionibus
759 335 933 368 oportere
959 335 1016 368 Ju-

32 372 146 423 dica1·i
166 385 176 407 :
204 371 268 408 secl
287 371 565 417 exspectandtun
578 398 590 418 ‚
621 371 705 407 dum
724 369 760 406 se
779 369 855 414 ipsa
865 379 920 405 res
930 378 1015 414 ape-

29 427 131 454 nret.
948 450 953 470 ὁ

384 460 414 497 C
439 474 463 498 A
489 474 524 498 P.
575 462 649 497 IV.

29 505 198 575 Interim
218 506 382 553 Argilius
404 507 543 550 quidam
563 507 880 552 adolescentulus,
907 515 1016 551 quem

71 562 221 594 puerum
250 551 432 589 Pausanias
460 562 580 587 amore
609 552 781 587 Venereo
801 551 980 587 dilexerat
998 576 1014 596 ‚

30 606 138 639 quum
159 595 347 640 epistolam
366 597 408 631 ab
426 607 474 631 eo
493 595 536 630 ad
556 594 773 630 Artabazum
794 595 1012 639 accepisset,

29 640 138 683 eique
158 642 194 675 in
217 640 455 683 suspicionem
474 639 627 674 venisset
645 665 657 685 ,
693 639 829 681 aliquid
849 640 885 674 in
907 650 947 674 ea
965 638 1014 675 de

26 683 66 719 se
86 684 155 719 effe
176 684 343 727 scriptum
363 709 375 728 ‚
410 683 510 727 quod
539 694 646 719 nemo
674 694 800 719 corum
828 683 1017 731 rediisset-2

27 728 89 771 qui
110 727 217 771 super
234 729 296 763 tali
315 727 427 763 caussa
445 726 575 763 eodem
596 727 680 762 miffi
701 736 803 764 erant
823 740 832 763 ε
866 728 1013 763 vincula

27 770 194 815 epistolae
211 772 404 817 laceravit,
425 770 599 818 fignoque
619 772 781 808 detracto
793 773 1010 818 ‚cognovit‚

25 815 52 851 fi
73 816 294 861 pertulisset,
320 815 384 851 fibi
404 817 474 852 esse
494 816 731 860 pereundum.
766 817 877 852 Erant
895 816 933 851 in
955 827 1014 851 ea-

27 858 109 895 dem
129 859 304 905 epistola,
330 872 406 904 quae
425 861 468 896 ad
488 873 527 896 ea
546 861 799 905 pertinebant,
821 872 897 904 quae
916 860 1017 896 inter

26 914 147 951 regem
166 904 439 948 Pausaniamque
461 915 719 941 convenerant.
733 909 743 919 ¹
771 906 845 941 Has
866 905 930 940 ille
950 904 1015 940 lit·

25 955 119 984 teras
138 950 284 992 ephoris
303 949 464 984 tradidit.
489 948 580 985 Non
603 949 654 985 cst
673 949 922 994 praetereunda
933 960 1011 994 gra·

26 993 118 1028 vitas
136 992 495 1029 Lacedaemoniorum
515 995 586 1029 hoc
605 995 707 1030 loco.
740 1006 818 1029 nam
838 1005 883 1029 ne
903 994 1012 1037 hujtm

27 1037 173 1080 quidem
195 1037 336 1073 indicio
356 1037 496 1081 impuli}
518 1038 622 1082 sunt,
635 1048 675 1073 ut
695 1038 896 1073 Pausaniam
909 1049 1012 1073 com-

25 1081 315 1125 prehenderent:
338 1093 454 1124 neque
475 1082 574 1126 prius
595 1083 665 1117 vim
685 1082 922 1118 adhibendam
943 1093 1011 1125 pu·

23 1134 212 1171 taverunt,
226 1137 328 1168 quam
348 1127 383 1161 se
402 1126 479 1170 ipse
499 1127 698 1162 indicass'et.
724 1127 848 1171 Itaque
861 1126 1012 1162 huicin-

25 1169 127 1215 dici,
164 1171 250 1214 quid
270 1170 349 1205 fieri
368 1172 528 1215 vellent,
555 1181 821 1214 praeceperunt.
871 1171 1009 1207 Fanum

25 1211 196 1258 Neptuni
218 1214 270 1250 est
290 1214 452 1260 Taenari,
490 1214 589 1258 quod
609 1215 739 1250 violari
760 1217 858 1251 nefas
880 1224 1011 1260 putant:

25 1257 159 1294 Graeci.
186 1259 245 1295 Eo
265 1260 329 1294 ille
349 1259 461 1294 index
481 1259 670 1304 confugit:
696 1260 732 1294 in
753 1270 809 1295 ara
827 1259 1014 1295 consedit,

26 1300 132 1338 Hanc
159 1304 260 1347 juxta
288 1304 409 1348 locum
438 1304 607 1338 fecerunt
625 1302 689 1339 sub
709 1313 801 1339 terra
819 1330 832 1349 ,
867 1316 914 1340 ex
932 1315 1009 1347 quo

24 1347 144 1391 posset
173 1347 312 1392 audiri,
331 1346 371 1386 ,Η
393 1348 472 1391 quis
494 1347 581 1390 quid
601 1348 816 1391 loqueretur
833 1359 914 1384 cum
935 1349 1008 1383 Ar-

51 1391 132 1427 ilio.
191 1391 275 1427 Huc
304 1403 350 1426 ex
380 1393 527 1435 ephoris
557 1392 698 1435 quidam
725 1392 1005 1429 descenderunt.

54 1436 231 1481 ausanias,
257 1445 296 1471 ut
315 1436 474 1481 audivit,
495 1437 676 1482 Argilium
696 1437 896 1483 confugisse
916 1438 953 1473 in
972 1450 1009 1474 a·

22 1489 119 1525 ram,
154 1481 382 1523 perturbatus
403 1492 450 1516 eo
469 1482 591 1516 venit:
617 1492 722 1524 quem
743 1492 849 1524 quum
870 1482 1007 1526 suppli-

21 1533 102 1560 cem
125 1524 195 1559 Dei
215 1524 355 1560 videret
373 1525 409 1560 in
429 1536 486 1560 ara
504 1525 711 1577 sedentem,
738 1527 888 1571 quaerit,
911 1526 1009 1561 caus·

22 1567 69 1602 sae
96 1567 183 1610 quid
212 1568 252 1604 fit
273 1578 341 1603 tam
360 1570 555 1612 repentino
575 1569 746 1605 confiho.
796 1570 898 1606 Huic
917 1572 1006 1617 ille,

25 1612 111 1655 quid
132 1624 178 1648 ex
198 1614 328 1648 litteris
347 1614 599 1659 comperisset,
624 1615 751 1658 aperit.
793 1614 915 1651 Tanto
935 1626 1008 1651 ma-

23 1656 79 1702 gis
97 1656 279 1692 Pausanias
298 1659 524 1701 perturbatus
544 1670 645 1694 orare
665 1658 799 1704 coepit,
827 1671 871 1694 ne
893 1670 1008 1695 enun-

25 1700 156 1744 tiaret,
177 1713 244 1737 nec
264 1702 322 1746 se,
344 1703 510 1738 meritum
531 1703 576 1737 de
596 1704 665 1738 illo
686 1704 849 1748 optime,
871 1704 1006 1747 prode-

22 1754 90 1779 ret.
118 1745 230 1796 Quod
250 1745 274 1780 fi
294 1758 367 1781 eam
387 1747 526 1782 veniam
548 1746 612 1782 fibi
632 1747 804 1792 dediil‘et,
826 1747 1006 1791 tantisque

25 1788 238 1838 implicitum
257 1791 360 1826 rebus
378 1790 610 1837 sublevasset,
631 1802 762 1838 magno
783 1791 851 1828 ess'e
873 1791 906 1827 ei
917 1803 1006 1837 prae-

22 1843 98 1868 mio
118 1833 289 1870 futurum.

397 1878 428 1914 C
446 1891 477 1915 ,Α
502 1891 536 1915 Ρ.
585 1881 634 1916 V.

17 1920 104 1993 'H
119 1924 144 1956 is
166 1923 270 1957 rebus
291 1924 418 1966 ephori
439 1924 596 1969 cognitis
615 1952 627 1970 ,
664 1926 769 1961 satius
790 1935 1006 1970 putaverunt

47 2002 55 2010 ,
116 1967 150 2001 in
180 1968 266 2001 urbe
293 1978 373 2002 cum
394 1969 668 2010 comprehendi.
718 1969 804 2019 Quo
825 1983 931 2013 quum
953 1971 1007 2007 es-

14 2010 105 2056 *sent
124 2010 305 2054 profect-i,
342 2009 378 2046 δε
399 2011 582 2047 Pausanias
604 2014 747 2056 placato
767 2014 936 2059 Arg-ilio,
963 2025 1005 2052 ut

14 2056 169 2104 mutabat
178 2080 191 2105 ‚
204 2054 503 2096 Lacedaemonem
521 2067 785 2109 reverteretur,
797 2058 836 2098 iu'
853 2060 1002 2103 itincre,

48 2119 63 2133 n
896 2114 1004 2150 quum
