1170 2248
235 53 860 101 XXLDi-,Rn‘omns
997 70 1040 105 93

57 114 135 141 cem
153 101 221 139 ess'e
238 100 448 138 voluissent.
497 99 606 137 Nihil
626 101 723 137 enim
742 113 860 137 rerum
879 101 1045 138 humana-

57 161 132 185 rum
159 146 233 183 fine
265 146 419 182 deornm
440 148 587 182 numine
606 148 684 192 geri
704 147 866 190 putabat.
918 145 1043 190 Itaque

52 207 122 248 suae
149 206 249 242 domi
276 204 446 241 sacellum
480 197 747 259 dvroffia‘ra'ocs·
773 200 1041 250 constituerat,

52 251 162 304 idque
182 261 388 298 sancliffime
407 266 567 301 colebat·

426 321 457 358 C
481 335 506 358 Α
531 334 564 358 P·
615 319 664 355 V·

50 369 110 434 A
129 364 153 400 d
182 366 274 402 hanc
301 367 461 403 hominis
482 366 728 403 excellentem
747 365 951 401 bonitatem
970 365 1037 401 mi-

128 411 260 446 rabiles
280 412 502 448 access'erunt
522 410 636 448 casus.
672 409 766 444 Nam
786 411 910 454 praelia
927 410 1039 446 maxi—

47 465 103 490 ma
135 455 242 490 natali
264 456 324 491 die
345 456 409 492 suo
427 457 520 492 fecit
542 455 683 492 omnia:
720 465 792 497 quo
809 456 940 490 faetum
961 454 1034 500 est,

48 508 90 533 ut
118 499 275 542 ejusdem
307 501 458 536 natalem
485 500 614 536 festum
634 499 784 534 haberet
801 499 966 535 universa
985 499 1039 534 Si-

48 543 145 578 cilia.
195 543 295 579 Huic
315 545 457 588 quidam
477 543 676 580 Lamestius
689 569 700 588 ,
734 544 846 579 homo
867 545 1036 588 petulans

46 585 85 622 &
107 588 288 633 ingratus,
302 589 548 625 vadimonium
568 598 676 632 quum
695 588 810 623 vellet
828 588 1036 632 imponere,

42 632 145 674 quod
167 643 246 667 cnm
269 634 336 668 illo
357 634 393 669 se
413 635 495 679 lege
515 643 621 679 agere
642 631 805 682 diceret,
818 629 855 666 δε
868 632 1039 682 coniplu-

45 686 103 710 res
124 677 408 722 concurrissent,
422 679 486 721 qui
506 685 766 721 procacitatem
786 677 945 711 honums
965 686 1038 710 ma-

43 719 147 755 nibus
188 723 357 756 coe'rcere
394 731 617 758 conarentur
651 746 663 765 ,
689 719 892 755 Timoleon
922 721 1039 756 oravit

43 775 172 800 omnes
184 790 195 810 ‚
210 776 255 800 ne
278 765 317 800 id
334 765 511 802 facerent.
550 765 717 807 Namque
736 764 776 799 id
794 774 835 800 ut
852 763 1037 801 Lamestio

47 809 251 852 ceterisque
275 810 405 846 liceret
423 838 434 857 ,
469 811 507 847 se
529 810 704 846 maximos
725 809 867 844 labores
887 809 1037 844 summa-

41 863 110 896 que
129 853 250 890 adiisse
271 855 446 898 pericula.
496 855 602 890 Hanc
624 855 722 891 enim
740 853 901 897 speciem
921 854 1032 890 liber-

39 898 125 932 tatis
147 898 239 944 effe,
276 898 301 934 fi
324 901 492 935 omnibus
512 899 612 942 quod
632 898 780 942 quisque
803 899 919 933 vellet
938 898 1031 945 legi-

37 941 104 976 bus
125 943 285 986 experiri
306 943 451 980 liceret.
509 944 634 990 Idem,
671 953 779 986 quum
800 941 943 986 quidam
962 942 1032 979 La-

37 985 160 1021 mestii
181 986 326 1033 similis,
363 989 512 1024 nomine
533 987 791 1032 Demaenetus,
817 988 854 1022 in
876 988 1032 1023 concio-

42 1041 90 1065 ne
112 1032 267 1077 populi,
281 1032 326 1067 de
346 1034 452 1068 rebus
471 1031 577 1078 gestis
599 1034 678 1076 ejus
697 1031 883 1066 detrahere
904 1032 1031 1076 coepis-

36 1074 94 1109 set
113 1101 124 1119 ‚
167 1087 206 1110 ac
233 1078 412 1112 nonnulla
440 1079 676 1114 inveheretur
704 1076 741 1111 in
769 1075 1028 1112 Timoleonta:

36 1118 155 1163 dixit,
170 1131 267 1155 nunc
286 1121 428 1156 demum
449 1122 485 1157 se
505 1121 666 1158 votiess'e
679 1119 891 1155 damnatum.
917 1119 1029 1156 Nam-

36 1174 107 1206 que
135 1165 210 1199 haee
238 1177 256 1199 a
285 1165 356 1201 diis
375 1167 643 1202 immortalibus
662 1165 803 1208 semper
819 1173 1027 1210 precatum,

37 1217 80 1242 ut
103 1209 213 1243 'talem
233 1209 434 1246 libertatem
452 1209 684 1245 restituerent
703 1208 950 1255 Syracusanis,
985 1210 1026 1247 in

37 1263 105 1294 qua
123 1253 239 1288 cnivis
262 1254 391 1289 liceret
406 1280 418 1299 ‚
449 1255 494 1290 de
515 1265 590 1298 quo
609 1255 747 1298 vellet,
767 1253 905 1297 inpune
924 1255 1026 1290 dice-

30 1307 83 1331 re.
118 1295 192 1332 Hic
218 1309 325 1340 quum
345 1298 440 1333 diem
459 1298 663 1342 supremum
685 1297 849 1341 obiisset,
876 1299 1027 1342 publice

32 1351 51 1375 a
71 1341 293 1385 Symcusanis
314 1343 350 1377 in
371 1342 554 1388 gymnafio
567 1369 579 1387 ,
601 1341 701 1385 quod
720 1341 1024 1379 Timoleonteum

31 1385 256 1430 appellatur,
283 1395 362 1437 tota
380 1387 588 1424 celebrante
607 1387 753 1432 Sicilia,
774 1386 938 1431 sepultus
958 1387 1023 1424 est.

28 1481 212 1543 XXI.
294 1486 435 1546 DE
489 1485 1020 1553 REGIBUS,

413 1608 552 1648 CAr.
601 1609 632 1645 Ι.

26 1691 134 1765 Hi
165 1697 245 1734 fere
273 1699 425 1736 fuerunt
452 1699 603 1736 Graeciae
631 1700 754 1746 gentis
774 1698 887 1736 duces
908 1726 919 1745 ‚
956 1703 1019 1743 qui

121 1744 293 1786 memoria
311 1744 415 1790 digni
434 1744 670 1790 videbantur,
688 1754 818 1788 praetcr
836 1745 1015 1781 REGES.

25 1783 193 1828 Namque
212 1797 278 1823 eos
295 1789 474 1835 attingere
495 1790 679 1825 noluimus
692 1815 704 1834 ,
731 1789 832 1832 quod
852 1790 1016 1825 omnium

25 1839 84 1865 res
112 1828 217 1875 gestae
243 1831 429 1875 separatim
456 1833 539 1869 sunt
567 1835 700 1869 relatae.
743 1833 876 1875 Neque
897 1843 1017 1868 tamen

23 1874 64 1910 hi
100 1874 291 1911 admodum
311 1876 393 1912 sunt
409 1878 528 1913 multi.
578 1877 877 1913 Lacedaemonius
897 1886 1017 1913 autem

24 1916 237 1963 Agesilaus,
264 1921 411 1956 nomine
431 1932 506 1956 non
526 1920 706 1964 potestate
725 1921 796 1955 fuit
814 1931 899 1956 rex:
925 1920 1016 1957 ficu-

19 1962 53 2014 Εἰ
73 1963 186 1998 ceteri
204 1965 378 2007 Spartani.
404 1965 463 2000 Ex
489 1965 543 2000 his
568 1977 679 2010 vero,
706 1965 767 2008 qui
788 1964 1013 2001 dominatum

21 2008 181 2051 imperio
217 2017 433 2054 tenuerunt,
469 2009 758 2046 excellentissimi
787 2009 934 2044 fuerunt
974 2019 1015 2046 ut

21 2055 93 2102 'pos
110 2051 328 2103 judicamus)
348 2053 531 2094 Persarum
550 2053 689 2103 cyrus,
725 2051 764 2094 δι
781 2052 912 2093 Darius
930 2065 1011 2135 stays-
