<?xml version="1.0" encoding="UTF-8"?>
<!DOCTYPE html PUBLIC "-//W3C//DTD XHTML 1.0 Transitional//EN"
    "http://www.w3.org/TR/xhtml1/DTD/xhtml1-transitional.dtd">
<html xmlns="http://www.w3.org/1999/xhtml" xml:lang="en" lang="en">
 <head>
  <title>
</title>
<meta http-equiv="Content-Type" content="text/html;charset=utf-8" />
  <meta name='ocr-system' content='tesseract 3.04.00' />
  <meta name='ocr-capabilities' content='ocr_page ocr_carea ocr_par ocr_line ocrx_word'/>
</head>
<body>
  <div class='ocr_page' id='page_1' title='image "./corneliinepotisv00nepo_0082.png"; bbox 0 0 1170 2248; ppageno 0'>
   <div class='ocr_carea' id='block_1_1' title="bbox 122 35 1145 1179">
    <p class='ocr_par' dir='ltr' id='par_1_1' title="bbox 122 35 888 120">
     <span class='ocr_line' id='line_1_1' title="bbox 122 35 888 119; baseline 0.008 -48"><span class='ocrx_word' id='word_1_1' title='bbox 122 37 171 82; x_wconf 71' lang='lat'>7⁶</span> <span class='ocrx_word' id='word_1_2' title='bbox 355 36 622 118; x_wconf 50' lang='lat' dir='ltr'>Coungnu</span> <span class='ocrx_word' id='word_1_3' title='bbox 651 35 888 119; x_wconf 56' lang='lat' dir='ltr'>N5²⁰T¹⁵</span> 
     </span>
     <span class='ocr_line' id='line_1_2' title="bbox 560 94 742 120; baseline 0.011 -2"><span class='ocrx_word' id='word_1_4' title='bbox 560 95 586 118; x_wconf 77' lang='lat' dir='ltr'>A</span> <span class='ocrx_word' id='word_1_5' title='bbox 612 94 646 118; x_wconf 74' lang='grc' dir='ltr'>ι’.</span> <span class='ocrx_word' id='word_1_6' title='bbox 732 110 742 120; x_wconf 93' lang='grc'><strong>.</strong></span> 
     </span>
    </p>

    <p class='ocr_par' dir='ltr' id='par_1_2' title="bbox 209 126 1117 166">
     <span class='ocr_line' id='line_1_3' title="bbox 209 126 1117 166; baseline 0.006 -5"><span class='ocrx_word' id='word_1_7' title='bbox 209 126 413 162; x_wconf 67' lang='grc' dir='ltr'>οηῆἰέὶτιωε</span> <span class='ocrx_word' id='word_1_8' title='bbox 447 136 566 162; x_wconf 80' lang='lat' dir='ltr'>autem</span> <span class='ocrx_word' id='word_1_9' title='bbox 600 127 652 163; x_wconf 88' lang='lat' dir='ltr'>est</span> <span class='ocrx_word' id='word_1_10' title='bbox 677 139 758 164; x_wconf 90' lang='lat' dir='ltr'>cum</span> <span class='ocrx_word' id='word_1_11' title='bbox 783 128 926 165; x_wconf 83' lang='lat' dir='ltr'>adversa</span> <span class='ocrx_word' id='word_1_12' title='bbox 952 130 1117 166; x_wconf 80' lang='lat' dir='ltr'>fortuna.</span> 
     </span>
    </p>

    <p class='ocr_par' dir='ltr' id='par_1_3' title="bbox 131 170 1145 1179">
     <span class='ocr_line' id='line_1_4' title="bbox 209 170 1119 220; baseline 0.005 -15"><span class='ocrx_word' id='word_1_13' title='bbox 209 170 302 206; x_wconf 81' lang='lat' dir='ltr'>Nam</span> <span class='ocrx_word' id='word_1_14' title='bbox 320 170 357 206; x_wconf 58' lang='grc' dir='ltr'><strong>ἃ</strong></span> <span class='ocrx_word' id='word_1_15' title='bbox 377 171 509 216; x_wconf 82' lang='lat' dir='ltr'>initio,</span> <span class='ocrx_word' id='word_1_16' title='bbox 545 171 637 207; x_wconf 84' lang='lat' dir='ltr'>ficut</span> <span class='ocrx_word' id='word_1_17' title='bbox 656 171 899 220; x_wconf 80' lang='lat' dir='ltr'>ostendimus,</span> <span class='ocrx_word' id='word_1_18' title='bbox 935 175 1039 210; x_wconf 74' lang='lat' dir='ltr'>exsul</span> <span class='ocrx_word' id='word_1_19' title='bbox 1058 187 1119 218; x_wconf 81' lang='lat' dir='ltr'>pa·</span> 
     </span>
     <span class='ocr_line' id='line_1_5' title="bbox 132 213 1120 262; baseline 0.005 -13"><span class='ocrx_word' id='word_1_20' title='bbox 132 216 201 250; x_wconf 83' lang='lat' dir='ltr'>tria</span> <span class='ocrx_word' id='word_1_21' title='bbox 228 215 361 250; x_wconf 82' lang='lat' dir='ltr'>caruit:</span> <span class='ocrx_word' id='word_1_22' title='bbox 395 213 432 250; x_wconf 73' lang='lat' dir='ltr'>«St</span> <span class='ocrx_word' id='word_1_23' title='bbox 461 227 569 259; x_wconf 87' lang='lat' dir='ltr'>quum</span> <span class='ocrx_word' id='word_1_24' title='bbox 595 216 808 253; x_wconf 74' lang='lat' dir='ltr'>Thessaliam</span> <span class='ocrx_word' id='word_1_25' title='bbox 835 219 873 254; x_wconf 90' lang='lat' dir='ltr'>in</span> <span class='ocrx_word' id='word_1_26' title='bbox 903 219 1120 262; x_wconf 74' lang='lat' dir='ltr'>potestatem</span> 
     </span>
     <span class='ocr_line' id='line_1_6' title="bbox 133 259 1120 308; baseline 0.004 -15"><span class='ocrx_word' id='word_1_27' title='bbox 133 259 390 295; x_wconf 81' lang='lat' dir='ltr'>Thebanorum</span> <span class='ocrx_word' id='word_1_28' title='bbox 411 270 563 304; x_wconf 87' lang='lat' dir='ltr'>cuperet</span> <span class='ocrx_word' id='word_1_29' title='bbox 580 260 770 306; x_wconf 80' lang='lat' dir='ltr'><strong>redigere,</strong></span> <span class='ocrx_word' id='word_1_30' title='bbox 788 263 1053 308; x_wconf 77' lang='lat' dir='ltr'>legationisque</span> <span class='ocrx_word' id='word_1_31' title='bbox 1064 265 1120 306; x_wconf 87' lang='lat' dir='ltr'>ju-</span> 
     </span>
     <span class='ocr_line' id='line_1_7' title="bbox 131 303 1121 350; baseline 0.002 -11"><span class='ocrx_word' id='word_1_32' title='bbox 131 314 170 339; x_wconf 84' lang='lat' dir='ltr'>re</span> <span class='ocrx_word' id='word_1_33' title='bbox 190 303 272 338; x_wconf 80' lang='lat' dir='ltr'>satis</span> <span class='ocrx_word' id='word_1_34' title='bbox 293 307 423 339; x_wconf 60' lang='lat' dir='ltr'>tedium</span> <span class='ocrx_word' id='word_1_35' title='bbox 443 305 479 340; x_wconf 89' lang='lat' dir='ltr'>se</span> <span class='ocrx_word' id='word_1_36' title='bbox 498 305 748 350; x_wconf 81' lang='lat' dir='ltr'>arbitraretur,</span> <span class='ocrx_word' id='word_1_37' title='bbox 761 307 861 350; x_wconf 84' lang='lat' dir='ltr'>quod</span> <span class='ocrx_word' id='word_1_38' title='bbox 880 307 972 350; x_wconf 83' lang='lat' dir='ltr'>apud</span> <span class='ocrx_word' id='word_1_39' title='bbox 993 318 1121 343; x_wconf 84' lang='lat' dir='ltr'>omnes</span> 
     </span>
     <span class='ocr_line' id='line_1_8' title="bbox 132 348 1124 397; baseline 0.004 -15"><span class='ocrx_word' id='word_1_40' title='bbox 132 357 263 394; x_wconf 85' lang='lat' dir='ltr'>gentes</span> <span class='ocrx_word' id='word_1_41' title='bbox 291 348 445 384; x_wconf 54' lang='lat' dir='ltr'>sanctum</span> <span class='ocrx_word' id='word_1_42' title='bbox 476 349 546 384; x_wconf 80' lang='lat' dir='ltr'>effe</span> <span class='ocrx_word' id='word_1_43' title='bbox 565 349 791 395; x_wconf 77' lang='lat' dir='ltr'><strong>consuesset,</strong></span> <span class='ocrx_word' id='word_1_44' title='bbox 821 362 841 386; x_wconf 83' lang='lat' dir='ltr'>a</span> <span class='ocrx_word' id='word_1_45' title='bbox 860 360 1013 397; x_wconf 79' lang='lat' dir='ltr'>tyranno</span> <span class='ocrx_word' id='word_1_46' title='bbox 1033 350 1124 386; x_wconf 78' lang='lat' dir='ltr'>Ale·</span> 
     </span>
     <span class='ocr_line' id='line_1_9' title="bbox 131 392 1123 439; baseline 0.003 -11"><span class='ocrx_word' id='word_1_47' title='bbox 131 392 274 428; x_wconf 84' lang='lat' dir='ltr'>xandro</span> <span class='ocrx_word' id='word_1_48' title='bbox 302 392 451 428; x_wconf 83' lang='lat' dir='ltr'>Pheraeo</span> <span class='ocrx_word' id='word_1_49' title='bbox 476 392 580 428; x_wconf 84' lang='lat' dir='ltr'>fimul</span> <span class='ocrx_word' id='word_1_50' title='bbox 605 404 685 428; x_wconf 87' lang='lat' dir='ltr'>cum</span> <span class='ocrx_word' id='word_1_51' title='bbox 713 394 864 430; x_wconf 82' lang='lat' dir='ltr'>Ismenia</span> <span class='ocrx_word' id='word_1_52' title='bbox 882 396 1123 439; x_wconf 79' lang='lat' dir='ltr'>comprehen-</span> 
     </span>
     <span class='ocr_line' id='line_1_10' title="bbox 133 436 1124 483; baseline 0.003 -12"><span class='ocrx_word' id='word_1_53' title='bbox 133 436 217 481; x_wconf 79' lang='lat' dir='ltr'>sus,</span> <span class='ocrx_word' id='word_1_54' title='bbox 244 437 280 471; x_wconf 89' lang='lat' dir='ltr'>in</span> <span class='ocrx_word' id='word_1_55' title='bbox 299 437 442 472; x_wconf 85' lang='lat' dir='ltr'>vincula</span> <span class='ocrx_word' id='word_1_56' title='bbox 460 438 647 480; x_wconf 68' lang='lat' dir='ltr'>conjectus</span> <span class='ocrx_word' id='word_1_57' title='bbox 667 436 729 473; x_wconf 89' lang='lat' dir='ltr'>est.</span> <span class='ocrx_word' id='word_1_58' title='bbox 765 438 876 475; x_wconf 87' lang='lat' dir='ltr'>Hunc</span> <span class='ocrx_word' id='word_1_59' title='bbox 895 439 1124 483; x_wconf 87' lang='lat' dir='ltr'>Epaminon-</span> 
     </span>
     <span class='ocr_line' id='line_1_11' title="bbox 133 480 1121 527; baseline 0.004 -13"><span class='ocrx_word' id='word_1_60' title='bbox 133 480 196 515; x_wconf 85' lang='lat' dir='ltr'>das</span> <span class='ocrx_word' id='word_1_61' title='bbox 217 481 467 527; x_wconf 79' lang='lat' dir='ltr'>recuperavit‚</span> <span class='ocrx_word' id='word_1_62' title='bbox 493 482 595 516; x_wconf 84' lang='lat' dir='ltr'>bello</span> <span class='ocrx_word' id='word_1_63' title='bbox 616 483 839 525; x_wconf 82' lang='lat' dir='ltr'>persequens</span> <span class='ocrx_word' id='word_1_64' title='bbox 857 482 1121 518; x_wconf 83' lang='lat' dir='ltr'>Alexandrum.</span> 
     </span>
     <span class='ocr_line' id='line_1_12' title="bbox 135 523 1126 570; baseline 0.003 -11"><span class='ocrx_word' id='word_1_65' title='bbox 135 523 222 559; x_wconf 86' lang='lat' dir='ltr'>Post</span> <span class='ocrx_word' id='word_1_66' title='bbox 241 525 280 559; x_wconf 90' lang='lat' dir='ltr'>id</span> <span class='ocrx_word' id='word_1_67' title='bbox 298 527 452 570; x_wconf 69' lang='lat' dir='ltr'>factum,</span> <span class='ocrx_word' id='word_1_68' title='bbox 464 537 644 569; x_wconf 77' lang='lat' dir='ltr'>uunquam</span> <span class='ocrx_word' id='word_1_69' title='bbox 663 527 692 561; x_wconf 89' lang='lat' dir='ltr'>is</span> <span class='ocrx_word' id='word_1_70' title='bbox 710 527 830 562; x_wconf 82' lang='lat' dir='ltr'>animo</span> <span class='ocrx_word' id='word_1_71' title='bbox 850 528 981 570; x_wconf 84' lang='lat' dir='ltr'>placari</span> <span class='ocrx_word' id='word_1_72' title='bbox 1000 528 1126 570; x_wconf 79' lang='lat' dir='ltr'>potuit</span> 
     </span>
     <span class='ocr_line' id='line_1_13' title="bbox 137 569 1125 615; baseline 0.003 -12"><span class='ocrx_word' id='word_1_73' title='bbox 137 569 175 604; x_wconf 89' lang='lat' dir='ltr'>in</span> <span class='ocrx_word' id='word_1_74' title='bbox 204 579 284 604; x_wconf 87' lang='lat' dir='ltr'>cum</span> <span class='ocrx_word' id='word_1_75' title='bbox 307 596 319 614; x_wconf 82' lang='lat'><strong>‚</strong></span> <span class='ocrx_word' id='word_1_76' title='bbox 354 581 373 604; x_wconf 84' lang='lat' dir='ltr'>a</span> <span class='ocrx_word' id='word_1_77' title='bbox 398 581 472 613; x_wconf 88' lang='lat' dir='ltr'>quo</span> <span class='ocrx_word' id='word_1_78' title='bbox 500 580 576 605; x_wconf 83' lang='lat' dir='ltr'>erat</span> <span class='ocrx_word' id='word_1_79' title='bbox 593 571 761 606; x_wconf 81' lang='lat' dir='ltr'>violatus.</span> <span class='ocrx_word' id='word_1_80' title='bbox 810 571 934 614; x_wconf 85' lang='lat' dir='ltr'>Itaque</span> <span class='ocrx_word' id='word_1_81' title='bbox 953 571 1125 615; x_wconf 68' lang='lat' dir='ltr'>persuasit</span> 
     </span>
     <span class='ocr_line' id='line_1_14' title="bbox 134 612 1121 660; baseline 0.003 -12"><span class='ocrx_word' id='word_1_82' title='bbox 134 612 342 658; x_wconf 77' lang='lat' dir='ltr'>Thebanis,</span> <span class='ocrx_word' id='word_1_83' title='bbox 354 623 395 649; x_wconf 86' lang='lat' dir='ltr'>nt</span> <span class='ocrx_word' id='word_1_84' title='bbox 411 612 569 649; x_wconf 80' lang='lat' dir='ltr'>subfidio</span> <span class='ocrx_word' id='word_1_85' title='bbox 588 613 773 650; x_wconf 60' lang='lat' dir='ltr'>Thessaliae</span> <span class='ocrx_word' id='word_1_86' title='bbox 793 616 1121 660; x_wconf 73' lang='lat' dir='ltr'>proficiscerentur,</span> 
     </span>
     <span class='ocr_line' id='line_1_15' title="bbox 137 658 1124 703; baseline 0.004 -12"><span class='ocrx_word' id='word_1_87' title='bbox 137 666 383 702; x_wconf 80' lang='lat' dir='ltr'>tyrannosque</span> <span class='ocrx_word' id='word_1_88' title='bbox 403 659 481 702; x_wconf 79' lang='lat' dir='ltr'>ejus</span> <span class='ocrx_word' id='word_1_89' title='bbox 502 658 748 701; x_wconf 82' lang='lat' dir='ltr'>expellerent.</span> <span class='ocrx_word' id='word_1_90' title='bbox 775 659 887 703; x_wconf 81' lang='lat' dir='ltr'>Cujus</span> <span class='ocrx_word' id='word_1_91' title='bbox 907 661 996 695; x_wconf 90' lang='lat' dir='ltr'>belli</span> <span class='ocrx_word' id='word_1_92' title='bbox 1015 671 1124 702; x_wconf 79' lang='lat' dir='ltr'>quum</span> 
     </span>
     <span class='ocr_line' id='line_1_16' title="bbox 135 702 1124 746; baseline 0.002 -10"><span class='ocrx_word' id='word_1_93' title='bbox 135 703 171 738; x_wconf 89' lang='lat' dir='ltr'>ei</span> <span class='ocrx_word' id='word_1_94' title='bbox 190 702 320 739; x_wconf 80' lang='lat' dir='ltr'>summa</span> <span class='ocrx_word' id='word_1_95' title='bbox 339 702 426 737; x_wconf 79' lang='lat' dir='ltr'>essct</span> <span class='ocrx_word' id='word_1_96' title='bbox 443 702 543 746; x_wconf 83' lang='lat' dir='ltr'>data,</span> <span class='ocrx_word' id='word_1_97' title='bbox 580 713 698 744; x_wconf 83' lang='lat' dir='ltr'>eoque</span> <span class='ocrx_word' id='word_1_98' title='bbox 717 714 797 737; x_wconf 83' lang='lat' dir='ltr'>cum</span> <span class='ocrx_word' id='word_1_99' title='bbox 816 704 980 738; x_wconf 80' lang='lat' dir='ltr'>exercitu</span> <span class='ocrx_word' id='word_1_100' title='bbox 999 704 1124 746; x_wconf 67' lang='lat' dir='ltr'>profe-</span> 
     </span>
     <span class='ocr_line' id='line_1_17' title="bbox 137 746 1125 791; baseline 0.001 -10"><span class='ocrx_word' id='word_1_101' title='bbox 137 750 217 782; x_wconf 63' lang='lat' dir='ltr'>ctus</span> <span class='ocrx_word' id='word_1_102' title='bbox 246 747 334 781; x_wconf 81' lang='lat' dir='ltr'>ess&#39;et</span> <span class='ocrx_word' id='word_1_103' title='bbox 352 772 364 790; x_wconf 87' lang='lat'><strong>‚</strong></span> <span class='ocrx_word' id='word_1_104' title='bbox 399 757 474 781; x_wconf 86' lang='lat' dir='ltr'>non</span> <span class='ocrx_word' id='word_1_105' title='bbox 505 746 680 781; x_wconf 70' lang='lat' dir='ltr'>dubitavit</span> <span class='ocrx_word' id='word_1_106' title='bbox 698 772 710 791; x_wconf 89' lang='lat'>‚</span> <span class='ocrx_word' id='word_1_107' title='bbox 745 747 845 782; x_wconf 80' lang='lat' dir='ltr'>simul</span> <span class='ocrx_word' id='word_1_108' title='bbox 871 759 911 782; x_wconf 85' lang='lat' dir='ltr'>ac</span> <span class='ocrx_word' id='word_1_109' title='bbox 927 748 1125 790; x_wconf 73' lang='lat' dir='ltr'>conspexit</span> 
     </span>
     <span class='ocr_line' id='line_1_18' title="bbox 138 790 1124 836; baseline 0.001 -11"><span class='ocrx_word' id='word_1_110' title='bbox 138 790 300 834; x_wconf 82' lang='lat' dir='ltr'>hostem,</span> <span class='ocrx_word' id='word_1_111' title='bbox 328 791 541 836; x_wconf 77' lang='lat' dir='ltr'>confligere.</span> <span class='ocrx_word' id='word_1_112' title='bbox 569 791 610 825; x_wconf 85' lang='lat' dir='ltr'>In</span> <span class='ocrx_word' id='word_1_113' title='bbox 631 802 704 833; x_wconf 85' lang='lat' dir='ltr'>quo</span> <span class='ocrx_word' id='word_1_114' title='bbox 723 791 850 834; x_wconf 77' lang='lat' dir='ltr'>proelio</span> <span class='ocrx_word' id='word_1_115' title='bbox 872 791 1124 827; x_wconf 75' lang='lat' dir='ltr'>Alexandrum</span> 
     </span>
     <span class='ocr_line' id='line_1_19' title="bbox 137 834 1125 878; baseline 0.002 -10"><span class='ocrx_word' id='word_1_116' title='bbox 137 844 180 875; x_wconf 76' lang='lat' dir='ltr'>ut</span> <span class='ocrx_word' id='word_1_117' title='bbox 195 834 466 878; x_wconf 72' lang='lat' dir='ltr'>animadvertit,</span> <span class='ocrx_word' id='word_1_118' title='bbox 480 835 644 869; x_wconf 82' lang='lat' dir='ltr'>incensus</span> <span class='ocrx_word' id='word_1_119' title='bbox 666 835 715 868; x_wconf 82' lang='lat' dir='ltr'>ira</span> <span class='ocrx_word' id='word_1_120' title='bbox 734 845 863 878; x_wconf 87' lang='lat' dir='ltr'>equum</span> <span class='ocrx_word' id='word_1_121' title='bbox 883 836 919 870; x_wconf 90' lang='lat' dir='ltr'>in</span> <span class='ocrx_word' id='word_1_122' title='bbox 940 847 1020 870; x_wconf 86' lang='lat' dir='ltr'>eum</span> <span class='ocrx_word' id='word_1_123' title='bbox 1033 847 1125 871; x_wconf 87' lang='lat' dir='ltr'>con-</span> 
     </span>
     <span class='ocr_line' id='line_1_20' title="bbox 138 878 1125 929; baseline 0.003 -17"><span class='ocrx_word' id='word_1_124' title='bbox 138 878 291 923; x_wconf 76' lang='lat' dir='ltr'>citavit,</span> <span class='ocrx_word' id='word_1_125' title='bbox 313 880 515 922; x_wconf 75' lang='lat' dir='ltr'>proculque</span> <span class='ocrx_word' id='word_1_126' title='bbox 536 878 716 929; x_wconf 70' lang='lat' dir='ltr'>degressus</span> <span class='ocrx_word' id='word_1_127' title='bbox 736 890 754 913; x_wconf 83' lang='lat' dir='ltr'>a</span> <span class='ocrx_word' id='word_1_128' title='bbox 771 878 865 924; x_wconf 79' lang='lat' dir='ltr'>suis,</span> <span class='ocrx_word' id='word_1_129' title='bbox 879 881 1050 924; x_wconf 55' lang='lat' dir='ltr'>conjectu</span> <span class='ocrx_word' id='word_1_130' title='bbox 1071 891 1125 914; x_wconf 87' lang='lat' dir='ltr'>te·</span> 
     </span>
     <span class='ocr_line' id='line_1_21' title="bbox 138 920 1125 972; baseline 0.001 -14"><span class='ocrx_word' id='word_1_131' title='bbox 138 923 259 958; x_wconf 85' lang='lat' dir='ltr'>lorum</span> <span class='ocrx_word' id='word_1_132' title='bbox 287 920 471 958; x_wconf 80' lang='lat' dir='ltr'>confoffus</span> <span class='ocrx_word' id='word_1_133' title='bbox 496 923 671 958; x_wconf 82' lang='lat' dir='ltr'>conc1dit.</span> <span class='ocrx_word' id='word_1_134' title='bbox 693 966 700 972; x_wconf 45' lang='lat'>·</span> <span class='ocrx_word' id='word_1_135' title='bbox 721 921 845 966; x_wconf 86' lang='lat' dir='ltr'>Atque</span> <span class='ocrx_word' id='word_1_136' title='bbox 872 925 942 958; x_wconf 85' lang='lat' dir='ltr'>hoc</span> <span class='ocrx_word' id='word_1_137' title='bbox 970 923 1125 959; x_wconf 82' lang='lat' dir='ltr'>secunda</span> 
     </span>
     <span class='ocr_line' id='line_1_22' title="bbox 137 967 1145 1012; baseline 0.002 -12"><span class='ocrx_word' id='word_1_138' title='bbox 137 967 293 1002; x_wconf 68' lang='lat' dir='ltr'>vic-”toria</span> <span class='ocrx_word' id='word_1_139' title='bbox 310 967 455 1002; x_wconf 84' lang='lat' dir='ltr'>accidit.</span> <span class='ocrx_word' id='word_1_140' title='bbox 506 978 584 1002; x_wconf 82' lang='lat' dir='ltr'>nam</span> <span class='ocrx_word' id='word_1_141' title='bbox 602 967 671 1010; x_wconf 84' lang='lat' dir='ltr'>jam</span> <span class='ocrx_word' id='word_1_142' title='bbox 691 967 871 1002; x_wconf 74' lang='lat' dir='ltr'>melinatae</span> <span class='ocrx_word' id='word_1_143' title='bbox 888 978 987 1002; x_wconf 86' lang='lat' dir='ltr'>erant</span> <span class='ocrx_word' id='word_1_144' title='bbox 1005 978 1123 1012; x_wconf 74' lang='lat' dir='ltr'>tyran·</span> <span class='ocrx_word' id='word_1_145' title='bbox 1140 1007 1145 1011; x_wconf 25' lang='lat'>⁸</span> 
     </span>
     <span class='ocr_line' id='line_1_23' title="bbox 137 1011 1129 1060; baseline 0 -14"><span class='ocrx_word' id='word_1_146' title='bbox 137 1022 266 1046; x_wconf 88' lang='lat' dir='ltr'>norum</span> <span class='ocrx_word' id='word_1_147' title='bbox 285 1012 415 1054; x_wconf 82' lang='lat' dir='ltr'>copiae.</span> <span class='ocrx_word' id='word_1_148' title='bbox 443 1011 530 1060; x_wconf 86' lang='lat' dir='ltr'>Quo</span> <span class='ocrx_word' id='word_1_149' title='bbox 550 1011 645 1046; x_wconf 71' lang='lat' dir='ltr'>fileto</span> <span class='ocrx_word' id='word_1_150' title='bbox 657 1037 669 1055; x_wconf 86' lang='lat'>,</span> <span class='ocrx_word' id='word_1_151' title='bbox 691 1022 816 1046; x_wconf 87' lang='lat' dir='ltr'>omnes</span> <span class='ocrx_word' id='word_1_152' title='bbox 834 1011 1019 1047; x_wconf 73' lang='lat' dir='ltr'>Thess&#39;aliae</span> <span class='ocrx_word' id='word_1_153' title='bbox 1037 1013 1129 1046; x_wconf 87' lang='lat' dir='ltr'>civi·</span> 
     </span>
     <span class='ocr_line' id='line_1_24' title="bbox 135 1054 1126 1098; baseline 0.003 -9"><span class='ocrx_word' id='word_1_154' title='bbox 135 1064 230 1090; x_wconf 85' lang='lat' dir='ltr'>tates</span> <span class='ocrx_word' id='word_1_155' title='bbox 266 1055 497 1090; x_wconf 67' lang='lat' dir='ltr'>intersectum</span> <span class='ocrx_word' id='word_1_156' title='bbox 523 1054 735 1098; x_wconf 84' lang='lat' dir='ltr'>Pelopidam</span> <span class='ocrx_word' id='word_1_157' title='bbox 764 1057 915 1091; x_wconf 89' lang='lat' dir='ltr'>coronis</span> <span class='ocrx_word' id='word_1_158' title='bbox 942 1057 1058 1091; x_wconf 85' lang='lat' dir='ltr'>aureis</span> <span class='ocrx_word' id='word_1_159' title='bbox 1087 1054 1126 1092; x_wconf 59' lang='grc' dir='ltr'><strong>ἃ</strong></span> 
     </span>
     <span class='ocr_line' id='line_1_25' title="bbox 138 1097 1127 1147; baseline 0.004 -15"><span class='ocrx_word' id='word_1_160' title='bbox 138 1097 262 1134; x_wconf 84' lang='lat' dir='ltr'>statuis</span> <span class='ocrx_word' id='word_1_161' title='bbox 283 1099 415 1145; x_wconf 61' lang='lat' dir='ltr'>asneis,</span> <span class='ocrx_word' id='word_1_162' title='bbox 442 1100 654 1144; x_wconf 85' lang='lat' dir='ltr'>liberosque</span> <span class='ocrx_word' id='word_1_163' title='bbox 672 1100 748 1144; x_wconf 83' lang='lat' dir='ltr'>eJ&#39;us</span> <span class='ocrx_word' id='word_1_164' title='bbox 766 1101 886 1137; x_wconf 89' lang='lat' dir='ltr'>multo</span> <span class='ocrx_word' id='word_1_165' title='bbox 907 1111 993 1147; x_wconf 83' lang='lat' dir='ltr'>agro</span> <span class='ocrx_word' id='word_1_166' title='bbox 1013 1100 1127 1136; x_wconf 86' lang='lat' dir='ltr'>dona-</span> 
     </span>
     <span class='ocr_line' id='line_1_26' title="bbox 136 1153 234 1179; baseline -0.01 0"><span class='ocrx_word' id='word_1_167' title='bbox 136 1153 234 1179; x_wconf 86' lang='lat' dir='ltr'>runt.</span> 
     </span>
    </p>
   </div>
   <div class='ocr_carea' id='block_1_2' title="bbox 137 1234 1123 1304">
    <p class='ocr_par' dir='ltr' id='par_1_4' title="bbox 137 1234 1123 1304">
     <span class='ocr_line' id='line_1_27' title="bbox 137 1234 1123 1304; baseline 0.001 -3"><span class='ocrx_word' id='word_1_168' title='bbox 137 1242 356 1302; x_wconf 88' lang='lat' dir='ltr'><strong>XVII.</strong></span> <span class='ocrx_word' id='word_1_169' title='bbox 448 1234 1123 1304; x_wconf 87' lang='lat' dir='ltr'><strong>AGESILAUS.</strong></span> 
     </span>
    </p>
   </div>
   <div class='ocr_carea' id='block_1_3' title="bbox 137 1364 1124 1523">
    <p class='ocr_par' dir='ltr' id='par_1_5' title="bbox 137 1364 1124 1523">
     <span class='ocr_line' id='line_1_28' title="bbox 521 1364 741 1403; baseline -0.009 0"><span class='ocrx_word' id='word_1_170' title='bbox 521 1364 553 1403; x_wconf 93' lang='lat' dir='ltr'>C</span> <span class='ocrx_word' id='word_1_171' title='bbox 577 1377 602 1401; x_wconf 81' lang='lat' dir='ltr'>A</span> <span class='ocrx_word' id='word_1_172' title='bbox 627 1376 662 1401; x_wconf 71' lang='grc' dir='ltr'>ι».</span> <span class='ocrx_word' id='word_1_173' title='bbox 712 1365 741 1402; x_wconf 92' lang='grc' dir='ltr'>Ι.</span> 
     </span>
     <span class='ocr_line' id='line_1_29' title="bbox 137 1446 1124 1523; baseline 0.003 -33"><span class='ocrx_word' id='word_1_174' title='bbox 137 1451 518 1523; x_wconf 78' lang='lat' dir='ltr'>AGESILAUS</span> <span class='ocrx_word' id='word_1_175' title='bbox 537 1452 986 1502; x_wconf 65' lang='lat' dir='ltr'><strong>LACEDAEMONIOE,</strong></span> <span class='ocrx_word' id='word_1_176' title='bbox 1007 1446 1085 1492; x_wconf 62' lang='lat' dir='ltr'>culfi</span> <span class='ocrx_word' id='word_1_177' title='bbox 1104 1468 1124 1493; x_wconf 78' lang='lat'>2</span> 
     </span>
    </p>
   </div>
   <div class='ocr_carea' id='block_1_4' title="bbox 133 1499 1135 2075">
    <p class='ocr_par' dir='ltr' id='par_1_6' title="bbox 133 1499 1135 2075">
     <span class='ocr_line' id='line_1_30' title="bbox 223 1499 1135 1543; baseline 0.007 -11"><span class='ocrx_word' id='word_1_178' title='bbox 223 1499 356 1533; x_wconf 83' lang='lat' dir='ltr'>ceteris</span> <span class='ocrx_word' id='word_1_179' title='bbox 383 1499 622 1542; x_wconf 82' lang='lat' dir='ltr'>scriptoribus</span> <span class='ocrx_word' id='word_1_180' title='bbox 642 1524 654 1543; x_wconf 81' lang='lat'><strong>‚</strong></span> <span class='ocrx_word' id='word_1_181' title='bbox 687 1510 761 1534; x_wconf 83' lang='lat' dir='ltr'>tum</span> <span class='ocrx_word' id='word_1_182' title='bbox 788 1501 923 1536; x_wconf 85' lang='lat' dir='ltr'>eximie</span> <span class='ocrx_word' id='word_1_183' title='bbox 950 1513 968 1535; x_wconf 83' lang='lat' dir='ltr'>a</span> <span class='ocrx_word' id='word_1_184' title='bbox 995 1500 1135 1538; x_wconf 79' lang='lat' dir='ltr'>Xeno-.</span> 
     </span>
     <span class='ocr_line' id='line_1_31' title="bbox 138 1543 1125 1587; baseline 0.003 -10"><span class='ocrx_word' id='word_1_185' title='bbox 138 1544 279 1587; x_wconf 78' lang='lat' dir='ltr'>plionte</span> <span class='ocrx_word' id='word_1_186' title='bbox 297 1543 484 1578; x_wconf 85' lang='lat' dir='ltr'>Socratico</span> <span class='ocrx_word' id='word_1_187' title='bbox 504 1545 730 1580; x_wconf 77' lang='lat' dir='ltr'>collaudatus</span> <span class='ocrx_word' id='word_1_188' title='bbox 750 1543 813 1579; x_wconf 82' lang='lat' dir='ltr'>est.</span> <span class='ocrx_word' id='word_1_189' title='bbox 849 1545 906 1580; x_wconf 92' lang='lat' dir='ltr'>Eo</span> <span class='ocrx_word' id='word_1_190' title='bbox 927 1545 1021 1580; x_wconf 89' lang='lat' dir='ltr'>enim</span> <span class='ocrx_word' id='word_1_191' title='bbox 1041 1545 1125 1580; x_wconf 78' lang='lat' dir='ltr'>usus</span> 
     </span>
     <span class='ocr_line' id='line_1_32' title="bbox 138 1586 1124 1634; baseline 0.003 -13"><span class='ocrx_word' id='word_1_192' title='bbox 138 1586 192 1622; x_wconf 88' lang='lat' dir='ltr'>est</span> <span class='ocrx_word' id='word_1_193' title='bbox 218 1587 492 1622; x_wconf 76' lang='lat' dir='ltr'>familiarissime.</span> <span class='ocrx_word' id='word_1_194' title='bbox 542 1587 641 1622; x_wconf 86' lang='lat' dir='ltr'>Hinc</span> <span class='ocrx_word' id='word_1_195' title='bbox 667 1589 818 1631; x_wconf 85' lang='lat' dir='ltr'>primum</span> <span class='ocrx_word' id='word_1_196' title='bbox 844 1589 890 1623; x_wconf 86' lang='lat' dir='ltr'>de</span> <span class='ocrx_word' id='word_1_197' title='bbox 909 1600 1024 1634; x_wconf 82' lang='lat' dir='ltr'>regno</span> <span class='ocrx_word' id='word_1_198' title='bbox 1042 1601 1124 1625; x_wconf 87' lang='lat' dir='ltr'>cum</span> 
     </span>
     <span class='ocr_line' id='line_1_33' title="bbox 137 1630 1121 1676; baseline 0.002 -10"><span class='ocrx_word' id='word_1_199' title='bbox 137 1630 394 1676; x_wconf 66' lang='lat' dir='ltr'>Leotychide,</span> <span class='ocrx_word' id='word_1_200' title='bbox 420 1631 541 1666; x_wconf 86' lang='lat' dir='ltr'>fratris</span> <span class='ocrx_word' id='word_1_201' title='bbox 561 1631 662 1676; x_wconf 84' lang='lat' dir='ltr'>filio,</span> <span class='ocrx_word' id='word_1_202' title='bbox 687 1633 809 1667; x_wconf 80' lang='lat' dir='ltr'>habuit</span> <span class='ocrx_word' id='word_1_203' title='bbox 828 1634 1121 1669; x_wconf 79' lang='lat' dir='ltr'>contentionem.</span> 
     </span>
     <span class='ocr_line' id='line_1_34' title="bbox 137 1673 1124 1719; baseline 0.003 -10"><span class='ocrx_word' id='word_1_204' title='bbox 137 1675 228 1710; x_wconf 66' lang='lat' dir='ltr'>ssIos</span> <span class='ocrx_word' id='word_1_205' title='bbox 255 1673 306 1708; x_wconf 84' lang='lat' dir='ltr'>est</span> <span class='ocrx_word' id='word_1_206' title='bbox 333 1678 429 1710; x_wconf 85' lang='lat' dir='ltr'>enim</span> <span class='ocrx_word' id='word_1_207' title='bbox 457 1686 475 1708; x_wconf 87' lang='lat' dir='ltr'>a</span> <span class='ocrx_word' id='word_1_208' title='bbox 495 1676 690 1719; x_wconf 77' lang='lat' dir='ltr'>majoribus</span> <span class='ocrx_word' id='word_1_209' title='bbox 711 1675 996 1712; x_wconf 67' lang='lat' dir='ltr'>Lacedaemoniis</span> <span class='ocrx_word' id='word_1_210' title='bbox 1017 1678 1124 1712; x_wconf 86' lang='lat' dir='ltr'>tradi-</span> 
     </span>
     <span class='ocr_line' id='line_1_35' title="bbox 135 1718 1123 1765; baseline 0.004 -12"><span class='ocrx_word' id='word_1_211' title='bbox 135 1727 194 1754; x_wconf 85' lang='lat' dir='ltr'>tus</span> <span class='ocrx_word' id='word_1_212' title='bbox 213 1743 226 1761; x_wconf 85' lang='lat'>‚</span> <span class='ocrx_word' id='word_1_213' title='bbox 259 1727 300 1751; x_wconf 92' lang='lat' dir='ltr'>ut</span> <span class='ocrx_word' id='word_1_214' title='bbox 325 1718 418 1753; x_wconf 89' lang='lat' dir='ltr'>duos</span> <span class='ocrx_word' id='word_1_215' title='bbox 447 1719 621 1754; x_wconf 78' lang='lat' dir='ltr'>haberent</span> <span class='ocrx_word' id='word_1_216' title='bbox 644 1719 785 1763; x_wconf 82' lang='lat' dir='ltr'>semper</span> <span class='ocrx_word' id='word_1_217' title='bbox 806 1731 908 1764; x_wconf 75' lang='lat' dir='ltr'>reges</span> <span class='ocrx_word' id='word_1_218' title='bbox 928 1746 940 1765; x_wconf 77' lang='lat'>‚</span> <span class='ocrx_word' id='word_1_219' title='bbox 974 1721 1123 1757; x_wconf 87' lang='lat' dir='ltr'>nomine</span> 
     </span>
     <span class='ocr_line' id='line_1_36' title="bbox 136 1762 1124 1807; baseline 0.002 -9"><span class='ocrx_word' id='word_1_220' title='bbox 136 1762 250 1798; x_wconf 60' lang='lat' dir='ltr'>marris</span> <span class='ocrx_word' id='word_1_221' title='bbox 270 1773 371 1804; x_wconf 79' lang='lat' dir='ltr'>quam</span> <span class='ocrx_word' id='word_1_222' title='bbox 390 1762 544 1806; x_wconf 86' lang='lat' dir='ltr'>imperio</span> <span class='ocrx_word' id='word_1_223' title='bbox 563 1788 576 1807; x_wconf 83' lang='lat'>‚</span> <span class='ocrx_word' id='word_1_224' title='bbox 611 1774 656 1798; x_wconf 86' lang='lat' dir='ltr'>cx</span> <span class='ocrx_word' id='word_1_225' title='bbox 677 1763 814 1799; x_wconf 84' lang='lat' dir='ltr'>duabus</span> <span class='ocrx_word' id='word_1_226' title='bbox 833 1765 978 1799; x_wconf 83' lang='lat' dir='ltr'>familiis</span> <span class='ocrx_word' id='word_1_227' title='bbox 998 1765 1124 1801; x_wconf 83' lang='lat' dir='ltr'>Procli</span> 
     </span>
     <span class='ocr_line' id='line_1_37' title="bbox 137 1787 1123 1854; baseline 0.003 -12"><span class='ocrx_word' id='word_1_228' title='bbox 137 1804 178 1842; x_wconf 65' lang='grc' dir='ltr'>δι’,</span> <span class='ocrx_word' id='word_1_229' title='bbox 197 1787 453 1850; x_wconf 60' lang='grc' dir='ltr'>Ϊῧιινγῆὴεηὶες</span> <span class='ocrx_word' id='word_1_230' title='bbox 479 1807 540 1849; x_wconf 88' lang='lat' dir='ltr'>qui</span> <span class='ocrx_word' id='word_1_231' title='bbox 558 1807 743 1851; x_wconf 79' lang='lat' dir='ltr'>principes</span> <span class='ocrx_word' id='word_1_232' title='bbox 762 1819 809 1843; x_wconf 81' lang='lat' dir='ltr'>ex</span> <span class='ocrx_word' id='word_1_233' title='bbox 828 1810 1008 1854; x_wconf 86' lang='lat' dir='ltr'>progenie</span> <span class='ocrx_word' id='word_1_234' title='bbox 1027 1809 1123 1844; x_wconf 86' lang='lat' dir='ltr'>Her-</span> 
     </span>
     <span class='ocr_line' id='line_1_38' title="bbox 136 1850 1122 1896; baseline 0.004 -11"><span class='ocrx_word' id='word_1_235' title='bbox 136 1851 229 1885; x_wconf 85' lang='lat' dir='ltr'>culis</span> <span class='ocrx_word' id='word_1_236' title='bbox 247 1851 380 1894; x_wconf 71' lang='lat' dir='ltr'>Sparta!</span> <span class='ocrx_word' id='word_1_237' title='bbox 398 1861 502 1896; x_wconf 85' lang='lat' dir='ltr'>reges</span> <span class='ocrx_word' id='word_1_238' title='bbox 520 1850 679 1886; x_wconf 79' lang='lat' dir='ltr'>fuerunt.</span> <span class='ocrx_word' id='word_1_239' title='bbox 730 1851 864 1887; x_wconf 81' lang='lat' dir='ltr'>Harum</span> <span class='ocrx_word' id='word_1_240' title='bbox 887 1865 934 1888; x_wconf 87' lang='lat' dir='ltr'>ex</span> <span class='ocrx_word' id='word_1_241' title='bbox 953 1855 1064 1888; x_wconf 74' lang='lat' dir='ltr'>altem</span> <span class='ocrx_word' id='word_1_242' title='bbox 1082 1855 1122 1890; x_wconf 88' lang='lat' dir='ltr'>in</span> 
     </span>
     <span class='ocr_line' id='line_1_39' title="bbox 136 1894 1121 1940; baseline 0.003 -10"><span class='ocrx_word' id='word_1_243' title='bbox 136 1894 285 1930; x_wconf 76' lang='lat' dir='ltr'>alterius</span> <span class='ocrx_word' id='word_1_244' title='bbox 304 1894 447 1929; x_wconf 83' lang='lat' dir='ltr'>familiae</span> <span class='ocrx_word' id='word_1_245' title='bbox 467 1895 590 1930; x_wconf 89' lang='lat' dir='ltr'>locum</span> <span class='ocrx_word' id='word_1_246' title='bbox 609 1895 686 1931; x_wconf 84' lang='lat' dir='ltr'>fieri</span> <span class='ocrx_word' id='word_1_247' title='bbox 708 1907 782 1931; x_wconf 78' lang='lat' dir='ltr'>non</span> <span class='ocrx_word' id='word_1_248' title='bbox 804 1897 953 1932; x_wconf 84' lang='lat' dir='ltr'>licebat.</span> <span class='ocrx_word' id='word_1_249' title='bbox 995 1897 1121 1940; x_wconf 86' lang='lat' dir='ltr'>Itaque</span> 
     </span>
     <span class='ocr_line' id='line_1_40' title="bbox 142 1937 1121 1980; baseline 0.006 -8"><span class='ocrx_word' id='word_1_250' title='bbox 142 1947 295 1980; x_wconf 86' lang='lat' dir='ltr'>utraque</span> <span class='ocrx_word' id='word_1_251' title='bbox 314 1937 415 1973; x_wconf 89' lang='lat' dir='ltr'>suurn</span> <span class='ocrx_word' id='word_1_252' title='bbox 436 1939 620 1974; x_wconf 84' lang='lat' dir='ltr'>retinebat</span> <span class='ocrx_word' id='word_1_253' title='bbox 637 1939 818 1976; x_wconf 87' lang='lat' dir='ltr'>ordinem.</span> <span class='ocrx_word' id='word_1_254' title='bbox 855 1941 1009 1977; x_wconf 86' lang='lat' dir='ltr'>Primum</span> <span class='ocrx_word' id='word_1_255' title='bbox 1026 1943 1121 1978; x_wconf 83' lang='lat' dir='ltr'>ratio</span> 
     </span>
     <span class='ocr_line' id='line_1_41' title="bbox 133 1982 1122 2026; baseline 0.004 -9"><span class='ocrx_word' id='word_1_256' title='bbox 133 1982 353 2026; x_wconf 74' lang='lat' dir='ltr'>habebatur,</span> <span class='ocrx_word' id='word_1_257' title='bbox 385 1982 449 2025; x_wconf 88' lang='lat' dir='ltr'>qui</span> <span class='ocrx_word' id='word_1_258' title='bbox 475 1983 647 2019; x_wconf 87' lang='lat' dir='ltr'>maximus</span> <span class='ocrx_word' id='word_1_259' title='bbox 666 1994 749 2019; x_wconf 85' lang='lat' dir='ltr'>natu</span> <span class='ocrx_word' id='word_1_260' title='bbox 769 1985 857 2020; x_wconf 84' lang='lat' dir='ltr'>ess&#39;et</span> <span class='ocrx_word' id='word_1_261' title='bbox 875 1997 921 2020; x_wconf 88' lang='lat' dir='ltr'>ex</span> <span class='ocrx_word' id='word_1_262' title='bbox 940 1985 1063 2020; x_wconf 86' lang='lat' dir='ltr'>liberis</span> <span class='ocrx_word' id='word_1_263' title='bbox 1084 1997 1122 2021; x_wconf 87' lang='lat' dir='ltr'>e—</span> 
     </span>
     <span class='ocr_line' id='line_1_42' title="bbox 133 2026 1123 2075; baseline 0.005 -14"><span class='ocrx_word' id='word_1_264' title='bbox 133 2026 291 2074; x_wconf 65' lang='lat' dir='ltr'>jus‚2qui</span> <span class='ocrx_word' id='word_1_265' title='bbox 306 2037 458 2075; x_wconf 81' lang='lat' dir='ltr'>regnans</span> <span class='ocrx_word' id='word_1_266' title='bbox 476 2026 693 2067; x_wconf 76' lang='lat' dir='ltr'>deceffifl&#39;et:</span> <span class='ocrx_word' id='word_1_267' title='bbox 717 2027 771 2068; x_wconf 81' lang='lat' dir='ltr'>fin</span> <span class='ocrx_word' id='word_1_268' title='bbox 789 2028 820 2067; x_wconf 84' lang='lat' dir='ltr'>is</span> <span class='ocrx_word' id='word_1_269' title='bbox 840 2029 980 2068; x_wconf 74' lang='lat' dir='ltr'>virilem</span> <span class='ocrx_word' id='word_1_270' title='bbox 996 2029 1123 2066; x_wconf 88' lang='lat' dir='ltr'>sexum</span> 
     </span>
    </p>
   </div>
  </div>
 </body>
</html>
