1170 2248
174 37 236 78 11.
268 34 851 86 ,Titani-swoctns.
936 37 1005 76 «ας

88 104 91 107 -
372 80 404 116 C
429 92 453 116 Λ
477 91 512 116 ι’.
562 77 661 113 VII.

23 126 338 202 Themistocles
356 134 472 161 antem
484 150 496 170 ‚
516 133 555 159 ut
572 120 870 163 Lacedaemonem
888 119 1006 164 venit,

109 175 205 212 adire
231 173 276 208 ad
302 169 520 215 magistratus
548 167 669 204 noluit
687 193 700 212 ,
735 165 772 201 ὃς
795 165 898 201 dedit
915 174 1007 207 ope-

22 233 117 267 ram,
143 229 184 255 ut
201 228 304 262 quam
323 214 523 260 longissime
543 223 684 256 tempus
705 211 876 246 duceret:
910 207 1009 243 caus·-

23 266 94 302 sam
111 266 379 306 interponens,
399 260 434 295 se
454 258 615 302 collegas
634 255 857 299 exspee‘tare.
884 253 1008 302 Quum

23 307 295 347 Lacedaemonii
347 312 586 348 quererentur
634 311 726 344 opus
772 298 1014 337 nihilomiuus,

22 354 102 392 fieri
115 380 127 398 ‚
155 363 236 389 eum
288 361 307 386 e
326 360 367 385 ea
386 347 568 384 rtwconari
586 345 734 388 >Fallere,
759 344 903 379 interim
922 342 1011 376 reli-

23 400 88 443 qui
108 400 187 444 lega
207 397 213 403 '
301 405 315 429 t
334 392 544 429 consecuti:
580 401 598 425 a
618 390 746 434 quibus
768 399 875 431 quum
895 384 1013 421 audis-

23 445 82 481 set
113 453 189 478 non
302 449 375 473 tum
402 435 581 480 superesse
609 433 822 469 munitionis
842 458 854 476 ,
898 430 941 466 ad
961 430 1012 465 E-

28 490 168 533 phor'os
264 483 559 519 -cdaemoniorum
579 478 721 514 acceffit
738 502 750 522 ‚
785 486 899 520 penes
919 484 1012 518 quos

25 534 216 568 luminum.
267 528 405 579 perium
425 533 637 566 emittatque
659 523 753 566 apud
771 531 836 556 cos
857 529 1013 560 conten-

28 577 105 621 dit,
138 574 227 612 falsa
242 574 296 608 lus
316 571 386 651 {sse
405 569 546 605 delatas
566 578 671 611 quare
691 576 828 609 aequum
848 564 939 608 effe,
966 563 1012 597 il-

28 622 87 658 los
98 646 110 666 ,
121 620 224 654 viros
242 619 319 652 bon
351 626 365 650 s
385 614 603 655 nobilesque
615 637 627 654 ,
639 611 786 645 mittere
799 635 810 655 ‚
824 609 950 652 quibus
969 606 1011 641 fi-

29 665 95 700 des
113 665 326 704 haberetur,
361 659 423 701 qui
440 668 513 692 rem
534 657 789 701 explorarent:
816 653 956 689 interea
974 651 1013 687 se

12 708 191 745 -obfidem
209 706 422 741 retinerent.
462 700 594 736 Gestus
614 699 665 734 est
683 699 719 733 ei
738 709 815 733 mos
828 723 839 743 ,
864 707 1013 739 tresque

13 752 162 797 -legati,
195 749 311 785 funeri
330 746 473 782 sununis
493 745 718 787 honoribus,
744 743 905 777 Athenas
925 740 1012 775 milli

27 796 122 833 sunt.
164 794 232 830 Cui
274 794 326 828 his
348 791 508 836 collegas
528 788 613 824 suos
632 786 902 823 Themistocles
921 784 1024 829 juffit.

27 839 212 887 proficisci
232 850 242 873 z
278 838 400 880 eisque
426 833 623 879 praedixitq
658 842 699 867 ut
718 843 762 867 ne
782 831 880 875 prius
900 829 1016 864 Lace-

30 885 294 922 daemoniorum
314 882 453 924 legatos
474 878 721 921 dimitterent,
744 887 846 919 quam
864 874 941 919 ipse
962 872 1015 908 es-

29 932 85 967 set
102 928 261 966 remissus
319 925 402 961 Iros
421 922 605 968 postquam
626 920 787 956 Athenas
807 918 1013 964 pervenisse

26 985 124 1013 ratus
144 971 217 1017 est,
243 951 285 1007 ad
305 968 566 1015 magistratum,
593 966 824 1007 senatumque
843 962 1019 999 Lacedae-

29 1018 237 1055 monim-um
256 1015 342 1051 adiit
355 1040 366 1059 ,
378 1011 415 1048 ἃ
435 1012 529 1055 apud
547 1021 612 1046 eos
632 1010 817 1045 liberrime
836 1007 1015 1051 profess'us

31 1063 106 1099 est:
142 1058 388 1096 Athenienses
407 1057 474 1092 suo
495 1054 652 1091 consilio
665 1079 676 1098 ‚
712 1052 813 1096 quod
831 1051 1016 1087 communi

29 1109 109 1152 jure
138 1105 298 1152 gentium
327 1103 446 1138 sacere
473 1100 642 1144 poss'ent,
676 1096 781 1132 Deos
809 1097 980 1139 publicos
999 1121 1013 1141 ‚

28 1153 187 1194 suosque
207 1148 345 1192 patrios
365 1157 404 1181 ac
423 1154 595 1190 penates,
608 1153 680 1186 quo
699 1141 840 1202 sacflius
859 1141 900 1175 ab
911 1140 1018 1176 hoste

30 1196 175 1242 possent
193 1191 393 1229 defendere
412 1215 425 1234 ,
458 1189 567 1223 muris
586 1185 740 1230 sepsisse.
763 1186 768 1195 '
798 1196 915 1228 neque
935 1196 981 1220 eo
1000 1210 1014 1230 ,

31 1240 132 1284 quod
153 1237 282 1274 inutile
304 1236 391 1272 esset
409 1233 582 1277 Graeciae,
603 1230 754 1272 fecisse,
771 1240 849 1264 nam
867 1229 1017 1265 illorum

31 1287 179 1329 urbem,
205 1292 245 1318 ut
261 1279 571 1325 propugnaculum
584 1302 596 1320 ,
622 1274 827 1318 oppofitam
848 1274 917 1309 css'e
938 1274 1017 1308 bar-

29 1330 121 1365 baris
141 1353 154 1372 ,
187 1326 282 1371 apud
301 1336 402 1367 quam
422 1325 486 1366 jam
507 1321 561 1356 bis
583 1320 722 1355 class'em
743 1318 875 1361 regiam
893 1318 1019 1353 feciss‘e

31 1372 266 1418 naufragium.
293 1365 592 1404 Lacedaemon-fos
612 1374 729 1399 autern
746 1363 838 1397 male
859 1360 895 1398 &
908 1362 1021 1406 injus-

28 1428 68 1455 te
87 1419 230 1461 sacere,
253 1414 312 1457 qui
330 1414 367 1448 id
385 1412 511 1456 potius
530 1411 780 1452 intuerentur,
801 1407 901 1449 quod
920 1407 1023 1450 ipso-

33 1474 111 1499 rum
133 1458 397 1501 dominationi,
433 1466 534 1500 quam
555 1452 654 1497 quod
670 1452 843 1487 universa:
866 1451 1017 1486 Graeciae

34 1508 128 1542 utile
149 1505 249 1541 ell'et.
301 1502 424 1550 Quare
443 1500 467 1536 fi
490 1500 572 1535 suos
593 1499 735 1543 legatos
755 1496 920 1539 recipere
940 1496 1019 1530 vel-

32 1552 135 1595 lent,
157 1560 248 1593 quos
268 1546 428 1582 Athenas
447 1544 635 1586 miserant,
655 1541 690 1576 se
713 1541 960 1575 remitterent:
982 1551 1020 1574 a·

33 1596 124 1633 liter
154 1595 240 1630 illos
263 1602 440 1636 nunquam
460 1590 497 1624 in
517 1588 662 1634 patriam
685 1585 798 1620 ess'ent
817 1584 1017 1629 recepturi.

367 1635 398 1670 C
425 1647 450 1670 A
476 1645 508 1669 P.
558 1630 687 1666 Vlll.
1013 1640 1019 1646 -

33 1683 221 1754 Tamen
249 1693 324 1718 non
351 1679 478 1725 effugit
505 1677 638 1712 civium
665 1674 808 1710 suornm
835 1672 1021 1709 invidiam.

123 1738 271 1770 namque
293 1727 341 1761 ob
364 1724 517 1761 eundem
539 1722 703 1756 timorem
717 1730 815 1762 ‚quo
836 1718 1021 1769 damratus

37 1784 114 1809 erat
140 1770 353 1815 Miltiades,
388 1768 553 1804 testarum
580 1764 754 1808 suffragiis
775 1774 794 1798 e
814 1763 961 1797 civitate
983 1763 1046 1806 e;‘'

35 1820 150 1864 ieet-us
170 1842 185 1861 ,
218 1816 338 1857 Argos
364 1813 559 1854 habitatum
584 1808 770 1845 concellit.
821 1808 893 1842 llic
913 1817 1023 1849 quum

37 1871 194 1908 propter
212 1859 340 1894 multas
360 1859 437 1903 ejus
455 1857 606 1890 virtutes
626 1864 750 1897 magna
768 1862 847 1885 cnm
867 1850 1022 1896 dignita·
1053 1871 1059 1878 =

26 1917 74 1944 ‘te
94 1907 259 1947 viveret,
286 1899 553 1937 Lacedaemonii
573 1899 714 1941 legatos
735 1895 897 1931 Athenas
915 1894 1028 1930 mise-

35 1960 142 1994 runt,
163 1949 223 1992 qui
244 1958 323 1982 euni
342 1945 522 1983 absentem
541 1941 768 1984 accusarent,
788 1939 887 1983 quod
904 1938 1024 1975 socie-

37 2005 146 2032 tatem
165 2004 246 2028 cuin
265 2001 348 2033 rege
368 1990 548 2025 Persarum
565 1986 608 2021 ad
620 1985 795 2021 (zm-ciam
814 1984 1024 2028 opprimen-

41 2040 121 2079 dam
137 2037 291 2076 recuset.
318 2035 405 2075 Hoc
423 2032 574 2115 crinfiine
595 2030 718 2068 absens
737 2026 1023 2109 proditiou‘ilsest
