1170 2248
270 38 445 77 XVIII.
494 41 837 82 ΕυΜΕΝΕς.
1001 52 1048 96 83

68 83 352 130 concupiscunt,
388 87 550 124 omnium
576 99 695 133 partes
726 91 914 136 corripere
945 103 1054 139 atque

71 129 279 173 complesti.
306 130 439 174 Neque
458 143 549 168 vero
569 134 642 169 hoc
659 134 758 171 solus
777 137 888 173 fecit:
913 138 977 175 sed
995 151 1058 176 ce-

72 173 140 208 teri
159 184 303 217 quoque
324 187 476 222 omnes,
503 177 565 220 qui
582 177 787 216 Alexandri
805 181 948 218 fuerant
969 186 1058 220 ami-

69 215 118 252 ci.
153 217 291 254 Primus
314 218 526 256 Leonnatus
546 222 803 260 Macedoniam
824 237 1058 274 praeoccupa-

63 270 104 295 re
124 259 375 299 destinaverat.
411 264 444 300 Is
464 266 588 302 multis
610 269 744 313 magnis
765 271 1056 314 pollicitationi-

63 304 130 340 bus
158 306 375 350 persuadere
405 309 562 346 Eumeni
582 310 716 348 studuit
734 339 747 358 ,
789 324 829 350 ut
845 313 1057 355 Perdiccam.

61 347 269 397 desereret,
295 364 335 388 ac
353 352 474 389 secum
495 355 634 391 faceret
653 357 879 395 societatem.
929 361 1054 411 Quum

63 394 266 437 perducere
295 408 377 432 eum
396 410 471 435 non
491 399 631 446 posset,
666 401 874 439 interficere
900 415 1054 443 conatus

61 436 115 472 est
139 451 147 473 :
183 437 220 475 δε
249 441 389 477 fecisset
408 469 420 488 ‚
456 442 523 479 nifi
541 444 604 482 ille
625 445 717 482 clam
736 449 849 486 uoc‘tu
868 460 914 486 ex
931 450 1052 495 praefi-

60 481 129 518 diis
151 485 228 529 ejus
250 485 437 532 effugisset.

420 531 453 567 C
477 544 501 569 A
528 545 563 570 P.
612 535 698 572 111.

58 569 229 639 Interim
248 576 403 612 conflata
421 576 503 613 sunt
520 579 584 614 illa
600 579 719 625 bella,
733 593 810 625 quae
829 583 873 620 ad
886 585 1050 623 interne-

100 617 243 654 cionem
262 619 344 663 post
363 619 568 658 Alexandri
586 634 741 660 mortem
753 626 849 672 gesta
858 628 954 674 sunt,
969 643 1048 667 om-

59 671 196 705 nesque
234 674 497 701 concurrerunt
523 666 567 702 ad
600 667 809 706 Perdiccam
837 675 1050 717 opprimen-

58 703 156 740 dum.
205 717 309 750 quem
338 708 402 744 etfi
430 709 607 746 infirmum
627 713 803 760 videbat,
840 717 940 760 quod
957 731 1052 756 unus

59 750 226 786 omnibus
248 751 408 789 resistere
429 756 780 802 cogebatur,tamen
800 762 951 798 amicum
972 776 1050 801 non

57 792 241 838 deseruit,
277 808 394 841 neque
414 797 559 844 salutis,
600 813 702 844 quam
721 802 832 850 fidei,
856 806 927 842 fuit
946 810 1050 853 cupi-

56 836 156 873 dior.
207 839 421 877 Praefecerat
441 854 522 879 eum
542 845 732 882 Perdiccas
752 848 786 883 ei
805 852 899 892 parti
925 851 1047 900 Afiae3

56 892 132 924 quae
162 882 257 919 inter
283 884 437 921 Taurum
467 899 627 925 montem
654 891 750 934 jacet
777 902 882 937 atque
914 895 1049 933 Helle-

53 925 246 968 spontum:
284 927 321 965 ἃ
352 931 453 966 illum
483 944 592 968 unum
613 936 839 978 opposuerat
859 939 1051 985 Europaeis

54 969 277 1007 adversariis.
326 974 409 1018 Ipse
428 977 627 1023 AEgyptum
648 991 898 1026 oppugnatum
919 985 1045 1023 adver-

54 1014 110 1049 sus
134 1014 368 1054 Ptolemaeum
388 1030 462 1055 erat
482 1023 680 1065 profectus.
730 1025 914 1064 Eumenes
936 1041 1047 1073 quum

54 1070 172 1102 neque
210 1072 349 1106 magnas
378 1065 504 1108 copias
524 1091 538 1108 ‚
572 1079 692 1111 neque
722 1068 836 1106 firmas
861 1072 1046 1122 haberet',

53 1103 153 1146 quod
190 1105 439 1143 inexercitata:
458 1136 470 1155 ,
516 1109 553 1146 δε
580 1124 655 1148 non
685 1114 802 1150 multo
828 1125 910 1152 ante
940 1129 1043 1157 erant

52 1152 269 1186 connasci&
296 1151 488 1190 adventare
509 1165 627 1191 autem
648 1156 882 1206 dicerentur,
908 1161 1040 1200 Helle-

51 1191 292 1238 spontumque
321 1197 474 1234 transisse
502 1201 701 1244 Antipater
719 1200 756 1239 ἃ
778 1203 947 1242 Craterus
967 1220 1040 1245 ma-

51 1248 127 1281 gno
148 1249 227 1274 cum
248 1242 413 1277 exercitu
431 1244 680 1280 Macedonum
698 1273 712 1290 ‚
744 1248 813 1283 viri
833 1260 914 1286 cum
933 1253 1041 1289 clari-

52 1290 124 1316 tate
146 1292 219 1318 tum
238 1284 301 1319 usu
322 1286 410 1321 belli
427 1287 654 1334 praestantcs,
680 1292 928 1335 (Macedones
950 1308 1042 1335 vero

50 1325 186 1362 milites
208 1339 248 1363 ea
267 1339 352 1364 tune
372 1341 470 1367 crant
488 1334 599 1379 sama,
613 1346 680 1376 qua
699 1347 796 1371 nunc
813 1337 1041 1377 Romanife-

49 1379 195 1406 runtur:
218 1374 352 1409 etenim
373 1375 513 1420 semper
530 1378 641 1414 habiti
658 1379 740 1415 sunt
758 1381 935 1419 fortissimi
947 1411 959 1430 ,
974 1388 1040 1430 qui

47 1413 215 1450 summam
244 1418 388 1461 imperii
417 1422 626 1464 potirentur
637 1426 668 1468 ε)
695 1424 878 1463 Eumenes
897 1429 1038 1466 intelli·

76 1459 179 1504 ebaff,
214 1459 239 1495 fi
260 1464 376 1507 copiae
395 1464 464 1499 suae
483 1468 722 1514 cognossent,
758 1470 924 1509 adversus
946 1485 1040 1518 quos

48 1468 274 1540 §uem-entur
291 1532 303 1552 ,
340 1519 413 1543 non
441 1511 554 1548 modo
582 1524 657 1548 non
676 1513 784 1550 ituras
801 1541 816 1567 ,
851 1517 914 1552 sed
933 1517 1040 1556 simul

47 1557 131 1582 cum
153 1550 284 1586 nuntio
304 1550 511 1596 dilapsuras.
537 1556 664 1600 Itaque
683 1559 755 1593 hoc
776 1571 853 1603 ejus
873 1562 945 1597 fuit
955 1575 1041 1608 pru-

49 1591 288 1632 dentissimum
308 1596 497 1634 confilium
511 1627 524 1646 ,
561 1611 600 1636 ut
620 1602 735 1638 deviis
755 1604 948 1642 itineribus
970 1609 1037 1644 mi-

47 1635 132 1671 lites
155 1637 325 1685 duceret,
338 1640 374 1676 in
396 1644 524 1686 quibus
544 1656 627 1681 vera
644 1646 767 1683 audire
787 1660 861 1684 non
873 1652 1033 1694 possent:

49 1675 86 1714 δι
106 1681 160 1716 his
181 1683 436 1732 persuaderet,
471 1688 508 1724 se
529 1701 654 1726 contra
675 1693 844 1734 quosdam
863 1695 1035 1734 barbaros

46 1724 241 1775 proficisci.
268 1729 392 1773 Itaque
412 1734 531 1769 tenuit
542 1735 611 1770 hoc
621 1736 847 1780 propositum
859 1765 871 1784 ,
885 1737 1032 1784 &prius

45 1778 84 1802 m
111 1770 222 1806 aciem
251 1775 452 1812 exercitum
480 1778 610 1815 eduxit
628 1806 640 1826 ,
675 1782 909 1826 praeliumque
931 1796 1029 1821 com-

47 1812 164 1858 milit,
198 1826 298 1858 quam
319 1820 454 1856 milites
474 1821 529 1858 sui
547 1823 705 1869 scirent,
731 1838 811 1862 cum
831 1828 960 1870 quibus
980 1841 1034 1865 ar-

46 1867 102 1892 ma
120 1859 342 1898 conferrent.
368 1863 501 1901 Effecit
521 1867 624 1903 etiam
645 1869 737 1905 illud
757 1872 922 1907 locorum
941 1884 1036 1917 prat.-

45 1903 313 1951 occupatione,
338 1916 378 1942 ut
397 1910 559 1952 equitatu
579 1911 702 1954 potius
723 1913 929 1962 dimicaret,
955 1929 1030 1960 quo

43 1946 126 1992 plus
146 1948 306 1998 valebat,
333 1962 435 1997 quam
454 1954 642 2004 peditatu,
669 1968 741 2003 quo
761 1968 836 1999 erat
854 1959 1028 1999 deterior.

495 2041 570 2082 Fa
811 2048 1026 2091 'Cam
