1170 2248
129 45 174 82 74
359 31 617 70 connexu
639 12 875 71 hisi-oms·
952 27 968 46 ‘¹

127 91 186 117 tus
205 77 317 115 fuerit
333 78 398 114 ille
416 79 483 114 vir.
531 78 657 122 Itaque
674 80 818 122 utrique
835 78 890 115 rei
907 86 1133 127 occurram„

128 134 299 168 quantum
318 133 477 168 potero,
501 119 540 159 &
556 122 734 159 medebor
750 134 831 159 cum
848 123 1027 171 satietati,
1039 135 1117 161 tum

126 168 345 214 ignorantiae
363 167 554 203 lestorum.
586 167 773 204 Phoebidas
790 167 1132 215 Lacedaemonius,v

128 225 237 256 quum
256 213 458 248 exercitum
477 211 678 258 Olynthum
697 211 869 259 duceret,
890 213 1030 258 iterque
1050 225 1119 258 per

127 256 273 293 Thebas
290 257 452 302 faceret,
471 267 588 292 arcem
605 256 757 302 oppidi,
778 268 855 301 quae
875 257 1030 294 Cadmea
1049 270 1117 294 no-

126 303 305 348 minatur,
340 301 536 346 occupavit
560 302 717 345 impulsu
736 312 1001 346 perpaucorum
1017 302 1117 338 The-

126 347 305 383 banorum
323 373 337 393 ,
358 347 432 391 ‘qui
458 345 664 382 adversariae
690 346 844 382 factioni
870 359 943 390 quo
969 347 1117 384 facilius

127 392 335 428 resisterent
352 417 364 437 ,
399 391 587 427 Laconum
615 391 722 426 rebus
750 389 943 428 studebant
962 404 973 426 ·.
1003 392 1116 435 idque

125 437 193 472 suo
213 438 381 481 privato,
407 447 484 472 non
503 435 679 480 publico,
704 434 797 470 fecit
813 434 983 471 confilio.
1027 436 1116 486 Quo

122 481 220 517 facto
232 507 244 528 ,
258 492 338 516 eum
357 479 629 517 Lacedaemonii
639 481 680 515 ab
692 479 857 515 exercitu
867 489 1114 526 removerunt,

155 526 355 569 ecuniaque
382 526 608 560 multarunt:
643 535 761 567 neque
789 534 835 560 eo
863 525 972 570 magis
1001 536 1119 560 arcem

161 571 310 606 hebanis
329 569 590 614 reddiderunt,
604 568 703 612 quod
720 568 895 612 susceptis
914 569 1118 605 inimicitiis

124 615 235 650 satius
255 615 436 650 ducebant
457 625 520 649 eos
532 612 712 659 obsideri,
725 624 827 656 quam
837 614 994 649 liberari.
1020 612 1118 650 Nam

125 658 211 702 post
228 657 537 703 Peloponnesium
556 658 692 693 bellum
711 683 723 703 ,
759 657 992 701 Athenasque
1012 657 1117 694 devi-

125 705 221 748 «stas,
257 715 337 738 cum
364 703 549 738 Thebanis
576 701 642 737 fibi
660 713 735 737 rem
755 702 824 737 effe
845 701 1113 738 existimabant:

126 745 164 784 ἃ
194 759 260 784 eos
287 747 357 783 esse
383 748 485 783 solos
505 773 518 791 ,
553 746 614 789 qui
639 745 806 782 adversus
823 745 984 782 resistere
1005 747 1115 782 aude-

126 801 223 828 rent.
273 791 354 828 Hac
371 803 492 826 mente
511 791 633 826 amicis
651 791 722 826 suis
741 791 891 826 summas
911 790 1114 834 potestates

126 835 325 881 dederant,
351 837 572 879 alteriusque
589 834 759 870 factionis
777 835 964 878 principes
985 836 1116 879 partim

125 881 409 925 interfecerant,
423 880 515 916 aiios
535 881 572 915 iu
593 879 744 914 exilium
764 880 967 922 ejecerant:
981 881 1017 914 in
1037 879 1114 922 qui-

122 925 189 960 bus
208 925 402 969 Pelopidas
421 924 502 969 hic,
515 923 561 959 de
581 933 655 968 quo
672 922 830 959 scribere
850 922 967 961 exorsi
977 923 1112 972 sumus,

124 969 252 1014 pulsus
271 969 384 1014 patria
401 971 555 1048 carebcat.
682 1012 725 1048 II
1009 999 1046 1015 ,,,

546 1025 571 1049 Δ
596 1023 632 1050 Ρ.
728 1039 738 1049 Ι

125 1058 230 1128 Hi
257 1069 385 1095 omnes
410 1059 488 1093 fere
507 1057 669 1094 Athenas
688 1058 722 1093 se
741 1058 974 1096 contulerant
990 1085 1002 1105 ‚
1037 1069 1114 1097 non

218 1115 291 1147 quo
318 1103 554 1146 sequerentur
578 1103 720 1147 otium,
754 1103 840 1149 sed,
875 1114 915 1139 ut
934 1116 1113 1148 quemque

126 1159 174 1183 ex
202 1147 374 1192 proximo
401 1149 525 1182 locum
550 1148 628 1183 sors
649 1147 834 1183 obtulisset
851 1174 864 1193 ,
898 1160 944 1184 eo
963 1149 1116 1193 patriam

122 1203 336 1236 recuperare
364 1191 579 1227 niterentur.
628 1191 754 1235 Itaque
775 1200 882 1236 quum
900 1203 1041 1237 tempus
1061 1191 1115 1228 est

122 1236 238 1271 visum
269 1237 322 1271 rei
347 1236 537 1282 gcrendae,
573 1236 816 1272 communiter
840 1248 921 1272 cum
939 1238 1016 1283 his,
1051 1238 1114 1280 qui.

123 1280 262 1316 Thebis
291 1280 388 1316 idem
415 1281 641 1326 sentiebant,
678 1280 774 1315 diem
794 1281 1035 1327 delegerunt,
1070 1281 1114 1318 ad

121 1325 291 1360 inimicos
330 1324 594 1368 opprimendos
613 1351 625 1370 ,
671 1325 927 1369 civitatemque
957 1326 1114 1362 liberan-

124 1369 227 1415 dam,
264 1380 370 1412 eum,
405 1381 477 1412 quo
500 1369 640 1404 maximi
662 1368 880 1414 magistratus
901 1368 1003 1405 fimul
1024 1381 1114 1406 con-

120 1414 313 1450 sueverant
332 1414 484 1457 epulari.
527 1414 673 1459 Magnae
692 1414 786 1458 saepe
805 1425 861 1449 res
882 1425 958 1450 non
975 1414 1024 1450 ita
1042 1424 1114 1450 ma-

121 1459 201 1504 gnis
223 1458 342 1501 copiis
363 1458 444 1493 sunt
464 1455 668 1503 gestaezsed
687 1458 858 1501 profeao
880 1470 1058 1503 nunquam
1067 1461 1111 1495 ab

119 1512 190 1542 tam
211 1503 312 1538 tenui
331 1503 439 1539 initio
460 1512 564 1538 tantae
577 1515 667 1547 opes
679 1503 760 1539 sunt
773 1503 988 1549 profligatae.
1014 1503 1111 1539 Nam

122 1547 320 1583 duodecim
357 1547 622 1584 adolescentuli
652 1549 822 1584 coierunt
850 1560 897 1584 ex
925 1548 981 1584 his
1001 1574 1014 1594 ‚
1049 1544 1112 1591 qui

63 1627 65 1629 ,
120 1591 253 1628 exfilio
274 1601 375 1627 erant
393 1592 534 1628 multati
553 1618 571 1642 ,Ι
601 1604 709 1636 quum
731 1593 880 1628 omnino
901 1604 975 1628 non
997 1592 1112 1630 css'ent

122 1637 276 1681 amplius
306 1646 449 1671 centum
462 1663 475 1681 ,
512 1649 573 1680 qui
594 1647 694 1672 tanto
713 1637 749 1672 se
770 1637 947 1672 offerrent
966 1637 1110 1680 pericu-

122 1681 178 1716 10.
205 1693 272 1724 qua
292 1681 471 1724 paucitate
493 1681 657 1724 perculsa
677 1679 728 1716 est
746 1681 1112 1718 Lacedaemoniorum

119 1725 301 1769 potentia·
337 1724 390 1760 I-Ii
419 1725 513 1760 enim
534 1736 607 1760 non
629 1725 738 1771 magis
758 1725 1040 1762 adversariorum
1059 1727 1111 1763 sa·
1158 1730 1161 1734 ”

124 1771 263 1815 c‘tioni,
290 1781 392 1814 quam
411 1769 590 1813 Spartanis
603 1795 614 1814 ,
641 1781 688 1805 eo
711 1780 875 1814 tempore
896 1772 1033 1807 belium
1053 1772 1111 1807 in-

117 1817 284 1850 tulerunt
304 1827 314 1849 z
347 1814 407 1857 qui
445 1814 560 1858 princi
591 1825 628 1850 es
668 1824 769 1850 erant
799 1815 912 1851 totius
944 1815 1108 1853 Graeciae.

120 1869 274 1901 quorum
294 1858 437 1902 imperii
456 1860 561 1902 majei
580 1869 638 1903 as,
666 1870 784 1902 neque
805 1859 855 1895 ita
873 1861 990 1896 multo
1010 1860 1107 1906 post,

119 1901 311 1945 Leud‘trica
329 1914 470 1948 pugna,
491 1904 532 1938 ab
552 1904 624 1938 hoc
644 1903 753 1939 initio
771 1905 958 1950 perculsa,
980 1906 1109 1942 conci·

120 1947 190 1982 dit.
225 1947 288 1982 Illi
305 1947 418 1993 igitur
436 1947 630 1983 duodec'nn
643 1973 656 1993 ,
682 1959 834 1992 quorum
855 1959 930 1984 erat
947 1949 1022 1985 dux
1040 1948 1107 1985 Pe-

117 1990 287 2035 lopidas,
309 2003 415 2034 quum
437 1990 592 2028 Athenis
612 1992 772 2028 interdiu
792 1992 966 2038 exissent,
985 2002 1026 2028 ut
1044 2004 1108 2028 ve-

120 2033 347 2082 sperascente
364 2037 460 2075 coelo
480 2035 622 2076 Tbebas
640 2036 786 2084 peffent
796 2037 987 2085 pervenire
998 2061 1012 2086 ‚
1024 2047 1107 2073 cum
