1170 2248
135 74 203 109 134
373 62 636 100 CORNELI!
666 60 895 100 Nero-ris

131 109 239 145 fuiss'e
258 109 350 154 lupo
375 107 413 145 δε
433 109 575 154 asellis,
600 108 796 144 Cornelius
815 108 971 153 Nepos,
998 104 1035 143 ὄι
1054 106 1123 144 La-

132 154 282 199 berius,
307 156 419 197 poeta
436 155 649 196 mimorum,
675 153 867 189 tradidere.
893 165 930 198 9,
953 163 993 196 17

183 198 404 243 Magnitudo
424 200 506 234 loto
526 199 668 243 arbori,
694 208 773 241 quae
791 199 872 241 piro
885 223 898 242 ‚
918 208 1124 241 quamquam

132 240 269 286 Nepos
297 242 494 279 Cornelius
521 242 668 278 brevem
687 242 801 277 tradat
817 267 830 287 ‚
844 239 939 277 ,δια
988 242 1122 277 Vinum

134 299 281 331 quoque
301 287 515 331 exprimitur
531 287 609 331 illi,
635 285 750 321 simile
768 285 908 331 mulso,
943 286 1042 329 quod
1067 287 1123 321 ul-

78 348 81 351 s
134 340 190 367 tra
210 332 327 367 denos
346 332 425 367 dics
446 340 554 377 negat
573 330 698 366 durare
710 330 806 365 idem
819 330 1124 374 Nepos3baccas-

134 388 207 421 que
219 377 383 413 contusas
396 387 476 411 cum
487 376 576 411 alica
585 374 627 410 ad
640 375 743 410 eibos
754 374 861 410 dolio
873 375 1123 420 condi.13‚17.

182 420 358 456 Scandula
386 422 594 456 comeciam
620 419 724 454 fuisse
757 418 911 454 Romam
943 418 1052 462 usque
1081 417 1125 453 ad

132 466 273 501 bellum
300 465 423 511 Pyrrhi
451 464 552 499 annis
580 463 853 509 quadringentis
873 462 1004 508 LXX,
1031 462 1125 499 Cor-

136 511 259 545 nelius
279 508 412 553 Nepos
436 511 561 544 auc‘lor
580 508 645 543 est.
669 513 723 554 16,
747 520 802 543 10.

185 553 384 590 Cornelius
415 553 546 597 Nepos
576 553 682 588 tradit
708 562 790 587 ante
810 552 919 587 Sullae
938 551 1126 588 vic'toriam

135 598 214 635 duo
227 608 362 634 tantum
377 599 534 633 triclinia
546 596 788 632 Romaefuiss'e
800 607 983 643 argentea.
997 608 1053 641 33,
1068 608 1123 632 11.

184 643 322 679 Primus
350 643 490 677 invenit
516 642 629 676 lineas
657 642 849 686 colorare,
876 640 984 686 testa,
1012 651 1053 676 ut
1071 641 1126 676 fe-

132 697 244 733 runt,
271 689 374 731 trita,
395 686 646 729 Cleophantus
668 685 892 720 Corinthius.
920 685 1127 730 Hunc‚aut

133 732 270 768 eodem
291 731 439 767 nomine
459 731 567 765 alium
588 729 712 773 fuisse,
739 741 844 772 quem
865 729 1125 765 traditCorne-

133 777 208 812 lius
227 776 362 819 Nepos
383 775 543 810 secutum
562 775 599 808 in
619 773 756 809 Italiam
775 773 1002 808 Demaratum
1015 799 1026 818 ‚
1039 773 1126 808 Tar-

138 821 260 865 quinii
290 820 399 855 Prisci
427 818 587 853 Romani
608 818 707 863 regis
725 827 859 861 patrem
879 844 890 862 ,
917 817 1126 863 fugientem
1169 830 1170 852 1

136 878 159 902 a
178 865 359 901 Corintho
377 863 526 908 injurias
546 861 696 908 Cypseli
714 862 879 907 tyranni,
905 873 992 897 mox
1012 861 1127 897 doce-

136 910 271 947 bimus.
299 920 356 954 35,
379 919 410 951 3.

186 954 341 989 Primum
361 953 490 988 Romae
509 952 667 995 parietes
701 948 816 986 crusta
834 951 1019 986 marmoris
1038 961 1128 995 ope-

139 998 247 1035 ruiss'e
268 998 382 1033 totius
401 997 530 1032 domus
549 996 618 1030 suae
638 996 676 1031 in
698 995 818 1031 Coelio
839 1004 963 1030 monte
984 995 1127 1031 Corne-

137 1044 214 1079 lius
233 1042 367 1086 Nepos
387 1041 536 1077 tradidit
552 1041 766 1075 Mamurram
777 1065 790 1084 ,
818 1039 971 1075 Formiis
983 1050 1100 1074 natum
1114 1065 1128 1085 ,

139 1088 301 1131 equitem
329 1086 534 1122 Romam-«m
556 1111 568 1130 ‚
602 1084 810 1127 praefeci-nm
830 1084 966 1119 fabrum
986 1082 1030 1118 C.
1051 1082 1130 1118 Cae-

139 1132 224 1167 saris
247 1132 283 1167 in
306 1131 447 1175 Gallia,
474 1128 547 1165 ἃς.
582 1128 736 1173 Adjecit
755 1127 851 1163 idem
869 1127 1026 1173 Nepos,
1048 1138 1130 1163 eum

136 1177 294 1220 primum
324 1176 414 1211 totis
444 1175 579 1209 aedibus
607 1174 740 1208 nullam
761 1197 774 1215 .‚
808 1171 872 1207 nifi
892 1183 912 1207 e
930 1183 1128 1217 marmore,

139 1222 346 1257 columnam
374 1219 530 1255 habuisse
548 1244 560 1263 ,
597 1229 723 1254 onmes
749 1215 883 1253 solidas
903 1227 922 1252 e
942 1215 1128 1263 Carystio,

138 1275 201 1300 aut
221 1263 391 1300 Lunenss.
418 1268 483 1309 36,
503 1267 542 1342 g.
559 1318 584 1342 A
609 1317 630 1341 P
692 1306 755 1340 XI

143 1353 297 1425 AEdis
317 1353 448 1388 Martis
470 1350 520 1387 est
542 1351 579 1386 in
601 1351 701 1385 circo
723 1349 904 1385 Flaminio
923 1349 1131 1386 architeeia-
1169 1366 1170 1370 ¹

265 1409 299 1433 ta
318 1399 360 1432 ab
381 1395 621 1431 Hermodoro
642 1394 853 1430 Salaminio.

193 1443 284 1479 Non
303 1442 454 1485 amplius
474 1450 530 1475 ter
545 1440 670 1474 bibere
687 1436 888 1481 Augustum
908 1437 1056 1473 solitum
1076 1437 1133 1473 su-

146 1499 216 1532 per
242 1498 402 1531 coenam,
429 1486 466 1520 in
495 1483 616 1519 castris
644 1481 739 1527 apud
757 1482 963 1528 Mutinam,
989 1481 1131 1518 Corne-

142 1533 214 1568 lius
234 1531 368 1575 Nepos
387 1530 508 1565 tradit.

193 1577 234 1612 In
265 1585 423 1611 extrema
451 1572 643 1609 Britanniae
669 1581 770 1616 parte
796 1571 957 1607 Memma
973 1597 986 1616 ,
1029 1566 1148 1615 quant

145 1621 342 1657 Cornelius
364 1619 471 1654 etiam
490 1618 689 1653 Annalium
709 1616 866 1659 scriptor
883 1641 895 1660 ‚
922 1625 1039 1651 narrat
1057 1626 1133 1650 me·

146 1666 245 1701 tallis
264 1664 428 1707 plurimis
448 1661 656 1706 copiosam,
681 1661 801 1695 herbis
819 1660 1047 1702 frequentem
1060 1685 1071 1704 ,
1093 1657 1133 1694 δε

147 1710 204 1745 his
228 1709 443 1744 feraciorem
470 1705 641 1741 omnibus
661 1730 673 1748 ‚
717 1704 800 1746 quia
836 1714 971 1746 pecora
997 1703 1131 1747 magis,

150 1764 254 1796 qnam
273 1752 463 1794 homines,
499 1751 580 1784 alat.
624 1747 711 1783 Labi
733 1758 821 1782 vero
841 1758 908 1790 per
926 1758 1001 1781 eam
1021 1747 1132 1784 multu

151 1808 252 1841 qnam
280 1796 432 1832 maxima
460 1793 645 1844 mle-„bique
670 1792 841 1838 flumina,
867 1802 1023 1839 gemmas
1042 1801 1132 1827 mar·

147 1843 348 1888 gai-itasquc
367 1840 565 1878 volventia.

1001 2101 1136 2138 Eric-
