1170 2248
221 30 870 70 XV-EPAM1N0NDAs.
1012 45 1053 78 71

63 83 254 125 prom-caste.
312 75 388 112 Hic
423 77 461 112 in
492 77 753 120 respondendo
783 77 1056 122 Epaminondas

29 127 35 142 ’
72 133 178 166 quum
199 121 245 156 de
264 122 395 157 ceteris
413 122 632 168 perorasset,
646 121 833 167 postquam
845 122 888 158 ad
905 123 967 159 illa
978 123 1054 160 duo

69 166 266 210 opprobria
293 166 479 210 pervenit:
514 170 682 202 admirari
701 173 735 211 s&
763 165 860 202 dixit
881 170 1056 209 stultitiam

68 215 205 246 rhetoris
224 216 351 256 Attici,
378 217 436 257 qui
454 225 514 246 non
530 216 800 247 animadverterit
819 217 992 248 innocentes
1012 218 1055 248 il-

68 259 113 293 los
138 267 249 300 natos,
283 261 370 290 domi
385 259 502 299 fielere
527 261 683 301 achmffl,
717 270 816 302 quum
825 263 944 302 patria
961 263 1056 301 effeut

66 303 205 351 effulsi,
231 310 368 345 receptos
386 305 443 344 effe
461 305 502 334 ab
522 304 776 344 Atheniensibus.
813 301 884 337 Sed
902 301 1054 337 maxime

67 353 145 387 ejus
174 345 386 387 eloquentia
415 344 532 379 eluxit
548 345 704 390 spartae,
739 346 868 390 [legati
887 354 966 381 ante
985 357 1053 390 pu-

66 398 169 433 gnam
198 386 442 433 Leuetricam]
464 400 537 432 quo
558 400 666 432 quum
686 390 848 425 omnium
867 389 1054 426 sociorum

67 431 320 468 convenissent
339 433 471 478 legati,
508 443 629 468 coram
648 433 935 476 frequentissimo
955 434 1052 480 lega-

65 475 207 511 tionum
235 476 505 522 conventu,1ie
525 476 885 514 Lacedaemoniorum
898 478 1054 523 tyranni-

68 519 149 555 dem
171 521 337 565 coarguit
393 531 434 556 ut
454 533 530 558 uon
551 523 668 558 miuus
691 522 754 557 illa
774 523 940 558 oratione
960 533 1053 566 opes

65 574 190 600 eorum
212 575 331 600 conen
358 566 451 610 erit,
466 577 568 609 quam
587 566 781 602 Leuftrica
799 577 931 611 pugna.
957 566 1053 602 Tum

66 608 162 643 enim
191 609 372 654 perfecit,
399 610 500 653 quod
530 609 611 653 post
630 611 816 656 apparuit,
849 620 889 646 ut
911 611 1051 648 auxilio

66 652 254 688 sociorum
273 652 543 733 Lacedaeigonii
561 655 804 734 prigilrlentur.

483 709 509 734 Α
534 708 569 733 1³.
696 724 706 733 .

63 738 217 811 Fuisse
247 741 444 785 patientem
463 765 475 788 ‚
521 742 736 786 suorumque
764 743 913 789 injurias
931 744 1052 781 feren-

89 805 94 810 ·
131 795 205 821 tem
224 787 359 822 civium
373 813 386 831 ‚
423 786 522 830 quod
541 787 577 823 se
597 789 719 832 patriae
739 789 840 824 irasci
859 790 958 825 nefas
979 790 1049 826 effe

63 830 236 874 duceret,
260 831 335 866 haec
355 831 438 867 sunt
458 830 675 868 testimonia.
703 832 824 882 Quum
847 845 926 869 eum
939 845 1051 878 prop·

65 884 119 910 ter
139 875 310 910 invidiam
331 876 428 910 cives
447 876 630 920 praeficere
645 878 823 913 exercitui
833 879 1048 924 noluiffent‚

62 918 212 962 duxque
233 919 319 954 efl'et
339 919 501 955 delec‘tus
520 922 612 957 belli
633 920 819 965 imperitus
833 948 844 968 ‚
871 924 974 967 cujus
995 934 1051 959 er-

61 975 143 1000 rore
165 975 210 998 eo
233 963 320 998 esset
339 963 492 1000 deduc‘ta
509 966 572 1000 illa
588 966 784 1002 multitudo
805 967 983 1012 militum,
1008 977 1052 1002 ut

60 1019 188 1043 omncs
208 1007 252 1042 de
273 1007 384 1043 salute
404 1008 725 1054 pertimescerent,
759 1010 860 1054 quod
879 1012 1049 1047 locorum

60 1051 228 1097 augustiis
249 1051 357 1086 clausi
377 1054 418 1088 ab
439 1053 600 1088 hostibus
621 1053 1050 1091 obsidebantur:defide-

62 1098 129 1132 rari
159 1105 276 1140 coepta
305 1095 355 1131 est
374 1096 863 1144 Epaminondaerdiligentia.
916 1109 991 1135 erat
1012 1111 1049 1135 e-

63 1141 137 1176 nim
164 1141 214 1175 ibi
241 1140 397 1184 privatus
427 1153 579 1177 numero
609 1143 750 1178 militis.
808 1155 826 1178 a
845 1155 917 1187 quo
939 1154 1049 1188 quum

60 1194 232 1229 peterent
253 1196 383 1230 opem,
397 1186 528 1220 nullam
549 1186 713 1222 adhibuit
729 1189 935 1223 memoriam
957 1199 1047 1224 con-

61 1229 239 1274 tinneliae,
262 1226 298 1264 δε
321 1231 522 1264 exercitum
541 1229 734 1270 obsidione
754 1233 968 1278 liberatum,
981 1230 1049 1277 do-

60 1285 155 1308 mum
183 1273 331 1308 reduxit
357 1275 591 1310 incolumem.
639 1275 774 1320 Neque
792 1288 881 1312 vero
899 1278 971 1312 hoc
994 1277 1050 1312 se-

59 1319 131 1353 mel
150 1318 261 1362 fecit,
296 1317 359 1353 sed
377 1317 526 1362 saepius:
567 1320 717 1356 maxime
737 1329 857 1356 autem
875 1321 946 1356 fuit
963 1322 1049 1357 illu-

59 1361 151 1407 stre,
164 1373 270 1404 quum
292 1362 329 1397 in
349 1361 647 1407 Peloponnesum
669 1366 869 1401 exercitum
890 1365 1049 1401 duxisset

58 1406 226 1442 adversus
266 1405 568 1444 Lacedaemonios
638 1411 858 1454 haberetque
886 1411 1047 1456 collegas

59 1451 152 1488 duos
166 1479 176 1498 ‚
206 1463 356 1496 quorum
375 1453 467 1488 alter
484 1463 557 1489 erat
575 1434 771 1499 ficlopidas
783 1481 794 1500 ‚
816 1456 870 1490 vir
887 1455 994 1490 fortis
1007 1465 1047 1490 ae

58 1494 234 1532 strenuus.
284 1496 360 1532 Hic
390 1508 498 1540 quum
525 1499 734 1534 criminibus
764 1499 1048 1536 adversariorum

59 1552 186 1576 omnes
213 1542 250 1576 in
281 1540 452 1576 invidiam
480 1543 658 1578 venissent
676 1570 688 1589 ⁷
724 1544 772 1579 ob
803 1555 950 1587 eamque
972 1555 1048 1578 rem

57 1585 246 1628 imperium
275 1586 330 1620 his
351 1585 440 1620 ess‘et
461 1587 668 1632 abrogatum
688 1613 700 1632 ‚
736 1598 842 1630 atque
862 1587 898 1622 in
920 1599 1048 1623 eornm

30 1635 38 1638 “
57 1629 180 1665 locum
208 1629 268 1664 alii
287 1640 461 1674 praetores
481 1630 742 1676 fiiccessiffent3
776 1631 1047 1676 Epaminondas

58 1673 284 1718 populiscito
314 1686 388 1709 non
417 1675 534 1718 paruit
553 1702 565 1721 ‚
601 1676 770 1719 idemque
800 1686 840 1712 ut
858 1676 1044 1722 facerent,

58 1716 228 1762 persuasit
247 1719 404 1764 collegis
417 1745 428 1764 ,
456 1717 494 1754 δε
520 1721 654 1756 bellum
667 1746 678 1765 ‚
706 1720 805 1764 quod
823 1721 1044 1766 susceperat,

58 1761 172 1806 geffit.
220 1774 368 1805 namque
388 1763 714 1809 animadvertebat,
741 1764 804 1800 nifi
823 1765 862 1800 id
881 1765 1044 1810 fecisset,

59 1815 176 1841 totum
198 1808 394 1842 exercitum
407 1834 419 1852 ‚
450 1818 608 1852 propter
624 1819 819 1852 praetomm
839 1808 1048 1852 impruden-

57 1850 142 1885 tiam
165 1850 466 1894 inscientiamque
495 1853 606 1898 belli,
627 1854 838 1896 periturum.
866 1851 947 1887 Lex
967 1861 1047 1888 erat

57 1893 195 1930 Thebis
207 1919 219 1939 ‚
246 1905 322 1938 quae
343 1907 443 1930 morte
459 1901 621 1932 multabat
633 1921 645 1941 ‚
659 1901 688 1940 fi
705 1902 777 1942 quis
795 1902 962 1942 imperium
971 1901 1046 1932 diu·-

55 1940 122 1974 iius
151 1944 348 1984 manumet,
381 1952 480 1985 quam
507 1945 574 1986 lege
592 1943 793 2019 qraefinitum
805 1946 906 1983 foret.
954 1941 1046 1976 hanc

58 1983 325 2026 Epaminondas
346 1994 453 2027 quum
473 1984 601 2028 reipub
620 2009 630 2020 .
657 1985 915 2021 conservanda:
934 1985 1046 2022 caussa

55 2025 160 2065 latam
188 2027 353 2076 videret,
388 2027 432 2065 ad
457 2028 663 2112 peErniciem
689 2028 846 2068 civitatis
874 2030 1046 2069 confeme

542 2080 565 2118 4
975 2082 1044 2113 no·
