1170 2248
117 69 183 113 '98
370 61 636 101 CORNELII
667 61 899 103 Nero-ns

139 111 313 147 donicum
333 118 394 145 aut
411 119 511 145 certe
531 110 719 157 vicissent,
736 122 796 146 aut
815 112 899 147 vic'ti
918 123 1040 148 manus
1059 110 1123 150 de-

141 156 287 191 dissent.
323 154 410 190 Hoc
430 152 586 190 confilio
606 166 728 199 pacem
747 157 980 192 conciliavit:
999 158 1035 192 in
1057 169 1125 202 qua

142 210 240 235 tanta
256 200 327 234 fuit
353 199 514 244 ferocia,
539 208 580 234 ut
599 211 705 243 quum
726 199 875 236 Catulus
895 212 1066 247 negaret,
1085 203 1123 238 se

139 246 275 280 bellum
305 242 615 289 compositurum,
642 243 707 279 nisi
728 245 792 279 ille
823 256 901 280 cum
929 247 1024 292 suis,
1061 247 1125 290 qui

141 290 297 334 Erycem
317 298 537 333 tenuerunt,
563 288 665 323 armis
687 289 846 334 relicus,
871 289 993 325 Sicilia
1013 291 1125 326 dece-

143 334 294 369 derent:
321 334 579 368 succumbente
599 333 735 378 patria,
761 333 837 377 ipse
858 335 1055 378 periturum
1087 335 1123 370 se

140 379 266 422 potius
287 377 446 421 dixerit,
470 388 575 424 ¹quam
594 389 675 412 cum
695 387 796 413 tanto
817 378 955 424 flagitio
976 379 1124 415 domum

140 423 291 458 rediret.
317 434 393 457 nou
415 433 510 456 emm
530 421 600 457 suae
621 422 691 457 esse
715 422 883 467 virtutis,
909 433 1001 458 arma
1019 436 1037 458 a
1063 436 1125 467 pa-

142 468 211 502 tria
229 476 380 511 accepta
396 465 562 545 adversgls
581 465 946 546 hostessladversariis
967 467 1121 504 tradere.

564 523 589 546 Λ
615 522 649 546 Ρ.
748 537 757 546 .

142 557 307 626 Hujus
326 555 534 600 pertinaciae
554 556 652 591 cessit
680 554 843 591 Catulus.
893 555 947 591 At
965 557 1029 591 ille
1043 582 1055 602 ,
1081 566 1124 592 ut

228 600 479 646 Karthaginem
497 600 622 645 venit,
648 601 764 635 multo
787 601 914 645 aliter,
941 612 981 635 ac
1009 601 1126 644 spera-

139 645 511 692 bat‚Rempublicam
532 644 567 679 se
588 645 778 680 habentem
797 646 988 691 cognovit.
1014 645 1126 681 Nam-

140 704 211 735 que
231 689 468 725 diuturnitate
489 689 631 724 externi
651 689 734 723 mali
753 698 888 724 tantum
916 689 1043 725 exarsit
1070 690 1126 725 in-

141 735 309 771 testinum
328 734 478 784 bellum,
500 743 540 768 ut
559 744 738 776 nunquam
758 734 834 777 pari
854 734 1021 777 periculo
1043 734 1124 768 fue-

140 781 190 815 rit
208 780 412 823 Karthago,
440 777 506 812 nisi
526 789 632 820 quum
654 777 777 812 deleta
797 775 862 812 est.
888 777 1010 813 Primo
1032 790 1125 813 mer—

119 834 122 837 ·
140 824 276 860 cenarii
296 823 455 867 milites,
479 823 543 865 qui
561 821 727 856 adversus
746 821 936 857 Romanos
958 822 1124 867 fuerant,

141 869 392 904 desciverunt:
427 877 580 909 quorum
610 877 777 900 numerus
797 876 871 900 erat
890 866 1024 911 viginti
1043 868 1126 901 mil-

139 915 243 950 lium.
291 911 345 947 ΗΞ
372 920 484 946 totam
513 910 762 945 abalienarunt
788 909 980 955 Africam,
1016 911 1126 955 ipsam

139 957 399 1002 Karthaginem
416 963 695 999 oppugnarunt.
745 953 890 1003 Quibus
910 955 1012 990 malis
1032 955 1124 991 adeo

136 1003 226 1038 sunt
244 1001 345 1036 Poeni
364 1000 549 1044 perterriti
568 1025 580 1044 ,
615 1009 655 1033 ut
673 998 777 1034 etiam
797 999 932 1034 auxilia
951 1010 970 1034 a
987 998 1126 1035 Roma-

141 1048 200 1083 nis
220 1046 442 1090 petiverint,
455 1056 567 1087 eaque
589 1044 828 1087 impetrarint.
852 1043 923 1078 Sed
942 1053 1124 1089 extremo,

142 1102 249 1133 quum
271 1100 391 1135 prope
409 1091 477 1133 jam
496 1088 540 1124 ad
559 1088 848 1132 desperationem
868 1088 1126 1133 pcm'cniffent,

141 1136 385 1173 Hamilcarem
413 1135 664 1177 imperatorem
692 1132 873 1168 fecerunt.
921 1132 955 1167 Is
975 1144 1048 1168 non
1071 1134 1129 1169 so-

116 1198 120 1201 -
139 1183 215 1217 lum
244 1178 366 1215 hostes
386 1190 405 1214 a
423 1178 529 1213 muris
550 1176 778 1223 Karthaginis
798 1178 954 1213 removit
970 1203 982 1221 ,
1018 1188 1127 1221 quum

141 1226 295 1269 amplius
314 1233 460 1259 centum
488 1222 604 1257 millia
630 1222 721 1257 facta
748 1222 862 1257 essent
887 1232 1125 1257 amatorum:

141 1271 205 1306 sed
234 1270 338 1304 etiam
368 1280 414 1304 eo
443 1266 647 1311 compulit,
685 1276 725 1300 ut
753 1267 927 1302 locorum
955 1265 1127 1309 angustiis

139 1313 283 1358 clausi,
317 1314 439 1356 plures
466 1311 581 1355 fame,
617 1322 719 1354 quam
747 1310 844 1345 ferro
865 1336 877 1353 .,
923 1311 1125 1346 interirent.

119 1372 124 1377 ·
145 1359 278 1394 Omnia
296 1356 431 1401 oppida
459 1355 677 1400 abalienata,
703 1355 740 1388 in
759 1355 813 1389 his
844 1354 988 1389 Uticam
1016 1365 1123 1397 atque

143 1403 360 1447 Hipponem
379 1427 391 1446 ,
425 1399 658 1434 valentissima
684 1399 797 1433 totius
823 1396 962 1433 Africae
980 1422 993 1441 ,
1029 1397 1128 1433 resti·

143 1448 215 1484 tuit
237 1447 371 1491 patriae.
392 1444 522 1487 Neque
542 1456 589 1479 co
607 1443 679 1478 fuit
697 1452 918 1487 contentus,
940 1441 1002 1476 sed
1021 1442 1129 1478 etiam

140 1493 233 1528 fines
253 1490 397 1533 imperii
415 1488 653 1533 propagavit,
679 1496 757 1523 tota
781 1486 905 1521 Africa
931 1496 1066 1521 tantum
1087 1498 1128 1522 o-

142 1538 234 1573 tium
253 1534 436 1579 reddidit,
462 1543 502 1568 ut
520 1534 661 1568 nullum
687 1532 725 1567 in
747 1542 789 1568 ea
814 1532 952 1567 bellum
980 1530 1128 1567 videre-

142 1592 202 1618 tur
225 1581 347 1616 multis
370 1579 473 1615 annis
497 1577 614 1613 fuisse.

502 1622 533 1657 C
557 1634 583 1657 A
608 1632 641 1656 P.
691 1620 776 1656 ΙΙΙ.

142 1671 308 1740 Rebus
327 1668 383 1703 his
404 1678 449 1703 ex
469 1666 648 1702 sententia
666 1666 822 1709 peractis
835 1691 846 1709 ‚
859 1663 986 1701 fidenti
1002 1665 1126 1701 animo

228 1724 335 1757 atque
354 1710 487 1747 infesto
507 1710 708 1754 Romanis,
721 1721 794 1753 quo
814 1709 959 1744 facilius
979 1710 1128 1745 caussam

142 1759 306 1796 bellandi
334 1756 535 1800 reperiret,
573 1754 721 1798 effecit,
755 1764 795 1788 ut
821 1753 1017 1797 imperator
1043 1765 1128 1788 cum

144 1804 312 1841 exercitu
332 1802 369 1836 in
389 1799 599 1844 Hispaniam
618 1800 843 1843 mitteretur,
869 1808 988 1841 eoque
1007 1798 1128 1833 secum

145 1849 253 1885 duxit
269 1846 385 1882 filium
403 1844 669 1888 Hannibalem,
698 1853 874 1878 annorum
905 1854 1050 1878 novem.
1077 1843 1126 1877 E-

143 1904 199 1930 rat
216 1901 389 1937 praeterea
407 1901 487 1924 cum
508 1900 554 1925 eo
574 1887 786 1924 adolescens
805 1885 1126 1931 illustris‚formo-

148 1939 228 1982 sus,
254 1934 476 1971 Hasdrubal:
505 1944 609 1977 quem
629 1932 800 1968 nonnulli
828 1931 933 1976 diligi
958 1931 1122 1974 turpius,

145 1994 248 2026 quam
269 1991 332 2024 par
349 1989 446 2025 erat,
458 1979 501 2014 ab
518 1976 1007 2022 Hamilcare‚loquebantun
1033 1973 1071 2009 N
1075 1987 1124 2010 on

145 2027 241 2062 enim
258 2024 429 2060 maledici
447 2033 549 2058 tanto
567 2023 648 2058 viro
668 2022 787 2057 deesse
806 2029 987 2065 poterant·
1037 2019 1125 2068 Quo

64 2108 81 2113 ,,
146 2072 278 2109 facttum
299 2068 372 2116 est,
385 2078 425 2105 ut
443 2080 462 2104 a
476 2067 655 2117 praefcc‘to
672 2077 814 2105 morum
833 2063 1125 2102 Hasdrubalem

120 2134 123 2137 ⁴
1072 2119 1120 2145 co
