1170 2248
108 49 154 96 38
357 48 618 88 Commu
643 51 886 95 Naro-ru
1077 102 1082 103 ⁷

109 95 173 130 det
197 102 341 138 portum
367 95 500 131 intrare
568 94 904 144 &gubernatorem
929 101 1032 146 jubet
1050 111 1098 139 eo

107 138 269 184 dirigere
291 149 438 184 navem,
466 122 541 183 ips⁷e
563 140 624 176 fibi
643 143 826 186 perniciei
841 145 924 181 fuit.
977 147 1100 193 Quum

107 183 205 219 enim
233 195 279 219 eo
305 184 524 228 penetrasset
543 210 556 231 ,
595 196 727 222 ceterae
753 199 828 224 non
853 189 935 224 sunt
954 190 1098 226 secutae.

95 227 196 277 ⁴Quo
215 228 312 263 facto
338 228 572 265 circumfusus
590 230 744 267 hostium
764 234 965 279 concursu,
991 246 1101 278 quum

105 271 298 307 fortissime
327 283 526 319 pugnaret,
571 275 669 311 navis
689 275 805 312 rostro
834 279 995 321 percussa
1029 290 1101 315 coe·

107 316 164 360 pit
184 315 312 351 fidere.
357 317 456 353 Hinc
476 318 648 362 refugere
668 331 773 363 quum
794 321 933 365 posset,
960 323 984 358 si
1005 323 1039 358 se
1060 325 1099 359 in

106 371 200 395 mare
227 360 414 405 dejecisset
435 387 447 405 ‚
483 364 583 406 quod
603 363 744 400 suberat
764 365 873 400 claffis
894 365 1098 402 Athenien-

108 403 197 440 fium
215 431 227 449 ,
263 416 339 448 quae
365 408 555 451 exciperet
580 410 731 444 natantis
753 420 762 442 ε
797 410 915 454 perire
941 413 1065 446 maluit
1084 438 1098 457 ‚

109 459 213 491 quam
245 450 348 485 arinis
373 452 521 496 abjectis
546 464 671 488 navem
695 453 899 497 relinquere
920 480 932 500 ,
966 456 1002 490 in
1031 467 1101 499 qua

106 493 224 528 fuerat
246 496 384 530 vectus.
435 495 477 531 Id
501 498 615 532 ceteri
638 497 760 533 facere
787 499 1008 545 noluerunt,
1035 501 1099 544 qui

108 537 232 572 nando
257 537 294 573 in
321 549 438 575 tutum
462 551 721 585 pervenerunt.
773 541 826 577 At
851 543 914 578 ille
934 542 1098 588 praestare

106 580 290 617 honestam
312 594 466 620 mortem
485 585 688 621 existimans
709 587 805 629 turpi
823 587 928 631 vitae,
950 588 1099 625 commi-

109 636 174 662 nus
194 637 356 673 pugnans
378 629 462 665 telis
482 629 638 666 hostium
658 631 869 667 interfectus
890 631 953 668 est.

109 723 303 785 X111.
362 726 1095 792 TIMOTHEUS.

493 848 635 889 Cap,
685 851 714 888 I.

108 936 546 1006 TIMOTHEUS‚
575 939 852 979 CONONIS
873 942 916 979 F.
936 942 1098 980 ATHE-

195 983 402 1020 NIENSIS·
462 984 536 1019 Hic
569 997 588 1020 a
610 995 712 1029 patre
739 997 921 1031 acceptam
945 990 1102 1035 gloriam

110 1028 236 1063 multis
255 1029 355 1064 auxit
374 1029 581 1064 virtutibus.
625 1030 697 1065 fuit
715 1031 813 1065 enim
832 1031 1007 1078 disertus,
1034 1035 1099 1069 im-

110 1073 236 1118 piger,
273 1073 497 1117 laboriosus,
533 1074 585 1108 rei
604 1075 765 1109 militaris
784 1077 945 1122 peritus,
980 1082 1100 1121 neque

106 1116 225 1151 minus
245 1117 398 1153 civitatis
417 1117 599 1163 regendae.
649 1119 769 1154 Multa
787 1121 890 1164 hujus
909 1121 930 1155 s
928 1132 991 1157 unt
1010 1134 1099 1165 prae-

107 1161 204 1195 clarc
221 1161 334 1206 facta,
355 1161 418 1197 sed
438 1164 511 1197 haec
530 1163 685 1198 maxime
705 1162 866 1200 illustria.
894 1165 1097 1212 Olynthios

108 1201 146 1240 δε
166 1204 362 1250 Byzantios
380 1207 481 1242 bello
503 1206 653 1253 subegit.
679 1208 816 1243 Samum
837 1210 958 1256 cepit,
971 1210 1006 1245 in
1026 1222 1097 1254 qua

108 1250 356 1298 oppugnanda
382 1251 571 1294 superiore
597 1252 697 1287 bello
723 1251 968 1290 Athenienses
994 1255 1097 1290 mille

108 1291 148 1327 ὁὶ
169 1293 325 1329 ducenta
346 1295 479 1330 talenta
501 1295 780 1331 consumserant.
807 1297 846 1332 id
865 1298 930 1333 ille
949 1298 1022 1334 sine
1043 1300 1099 1335 ul-
1150 1338 1153 1341 ,

105 1337 142 1372 la
164 1338 489 1382 publicaimpensa
509 1340 653 1384 populo
674 1339 842 1376 restituit.
893 1341 1098 1379 Adversum

107 1380 244 1427 Cotym
269 1383 364 1418 bella
391 1384 491 1429 geffit
509 1410 521 1429 ‚
556 1385 597 1419 ab
625 1395 743 1427 eoque
765 1385 865 1420 mille
884 1383 920 1421 ἀ
941 1387 1098 1423 ducenta

105 1426 243 1461 talenta
261 1427 393 1470 praedae
414 1428 450 1463 in
470 1428 656 1472 publicum
668 1430 814 1465 detulit.
841 1429 1016 1476 Cyzicum
1029 1434 1096 1467 ob-

105 1468 251 1506 fidione
271 1471 456 1518 liberavit,
491 1471 731 1509 Ariobarzani
745 1472 850 1509 =fimul
869 1484 948 1510 cum
969 1475 1095 1522 Agesi-

105 1514 168 1549 lao
186 1516 325 1550 auxilio
345 1517 534 1559 profectus
553 1516 621 1552 est:
659 1530 677 1554 a
696 1529 768 1561 quo
789 1530 895 1561 quum
915 1519 1013 1556 Laco
1031 1532 1096 1565 pe-

105 1560 250 1594 cuniam
268 1570 485 1596 numeratam
502 1562 693 1606 accepiss'et
711 1588 723 1607 ,
757 1563 822 1598 ille
841 1564 940 1599 cives
959 1564 1042 1600 suos
1061 1577 1096 1600 a-

105 1613 173 1648 gro
191 1613 298 1646 atque
316 1605 462 1640 urbibus
482 1607 604 1652 augeri
622 1607 769 1651 maluit,
804 1618 906 1650 quam
927 1608 962 1642 id
981 1608 1095 1644 sume-

108 1656 174 1692 re,
200 1649 303 1692 cujus
323 1658 458 1691 partem
479 1649 625 1685 domum
643 1651 736 1686 suam
754 1650 847 1687 ferre
865 1651 997 1698 poss'et.
1025 1653 1095 1690 Ita-

106 1700 176 1735 que
194 1692 340 1735 accepit
359 1691 551 1772 Ετίὼιέεη
570 1692 607 1729 &
625 1694 774 1774 SeIstIum.

528 1750 553 1773 A
580 1749 613 1773 r.
711 1763 721 1774 .

103 1777 228 1848 Idem
245 1779 337 1816 claffi
355 1782 547 1825 praefec'tus
567 1783 838 1821 circumvehens
857 1783 1093 1832 Peloponne-

147 1825 244 1870 sum,
266 1824 483 1861 Laconicam
504 1827 871 1873 populatus,class‘em
891 1843 1017 1867 eornm
1035 1833 1091 1868 fu-
1132 1841 1134 1844 ·

153 1869 219 1904 vit.
247 1867 442 1914 Corcyram
461 1871 525 1905 sub
545 1871 734 1914 imperium
753 1871 1027 1911 Atheniensium
1039 1887 1092 1912 re-

106 1879 230 1959 ffiegit:
255 1913 449 1958 sociosque
468 1915 562 1950 idem
582 1915 751 1959 adjunxit
770 1918 961 1965 Epirotas,
979 1919 1091 1955 Atha-

106 1967 247 2001 manas,
269 1957 670 2004 Chaonas,0mnesque
690 1973 747 1998 cas
765 1973 1004 2008 gentes,quae
1022 1976 1093 2000 ma-

105 2011 146 2036 re
173 2000 265 2036 illud
292 2002 469 2046 adjacent.
518 2004 604 2053 Quo
630 2005 726 2041 fatto
752 2005 1023 2044 Lacedaemonii
1042 2009 1089 2045 de

112 2044 252 2085 diutina
277 2047 523 2088 contentione
543 2047 758 2090 destiterunt
778 2077 791 2100 ,
825 2049 864 2092 &
880 2051 941 2091 sua
958 2052 1092 2136 sffrfite
