1170 2248
139 105 184 144 52
378 91 641 130 Cokusstix
665 87 898 125 Navoa-1³

140 139 426 185 opperiebatur,
439 136 716 173 adversariorum
737 144 830 169 ratus
852 132 1032 168 neminem
1051 130 1127 167 fine

139 186 277 236 magnis
299 183 419 227 copiis
439 181 482 216 ad
501 181 538 216 se
557 188 770 215 venturum:
798 188 874 220 quae
896 188 952 212 res
973 187 1053 211 eum
1073 176 1129 210 fe-

138 230 253 266 felht.
311 227 407 263 Nam
436 225 538 261 Dion
560 224 604 260 iis
625 221 708 266 ipfis
729 249 741 273 2
777 223 838 265 qui
856 221 919 256 sub
938 219 1130 256 adversarii

139 275 285 310 fuerant
304 269 481 316 potestate
500 295 514 314 ‚
548 267 670 313 regios
689 267 836 310 spiritus
853 265 1036 309 repreffit‚
1071 274 1130 298 to-

140 319 286 361 tiusque
308 317 385 361 ejus
407 314 522 359 partis
544 311 679 348 Siciliae
698 311 838 354 potitus
857 309 932 354 est,
969 319 1046 352 quae
1065 308 1129 342 sub

139 360 324 407 potestate
354 356 524 404 Dionyfii
549 357 667 391 fuerat
685 366 694 389 ε
729 354 878 398 parique
899 353 1011 388 niodo
1031 352 1130 387 urbis

139 405 386 452 Syracusarum
399 429 410 449 ‚
446 410 580 447 praeter
599 410 740 443 arcem,
777 395 814 434 &
835 397 985 433 insulam
1004 396 1131 440 adjun—

141 454 233 488 ctam
262 448 408 493 oppido
428 459 441 492 ς
485 456 604 489 eoque
624 453 698 479 rem
717 441 914 487 perduxit,
938 450 980 476 ut
999 441 1132 476 talibus

138 495 369 540 pafflonibus
398 501 525 536 pacem
545 499 716 535 tyrannus
732 487 854 522 facere
874 486 990 522 vellet
1009 497 1018 519 ε
1052 491 1135 520 Sici-

143 546 223 576 liam
251 544 340 574 Dion
368 542 546 579 obtineret,
581 538 717 568 Italiam
737 535 926 575 Dionysius,
959 534 1133 574 Syracufizs

140 588 363 632 Apollocrates
383 581 444 617 cui
462 578 650 615 maximam
660 575 768 611 fidem
778 576 843 611 uni
851 573 1003 610 habebat
1013 573 1133 610 Dion·

506 622 537 658 C
562 634 586 658 A
612 633 647 658 P.
696 620 771 655 VI.

142 672 272 744 Has
301 680 372 707 tam
399 667 590 748 prosffieras
611 692 625 711 .‚
667 674 809 708 tamque
838 663 1047 708 inopinatas
1074 672 1134 698 res

238 715 433 753 consecuta
452 724 471 748 e
521 711 639 747 subita
655 709 917 753 commutatio,
938 708 1036 751 quod
1055 706 1133 742 for-

123 790 126 798 r
142 771 232 799 tuna
250 761 309 796 sua
327 758 528 795 mobilitate
540 781 552 802 ,
564 765 669 799 quem
690 754 815 798 pauno
835 761 916 787 ante
929 752 1126 797 extulerat,

144 807 354 851 demergere
375 801 428 838 est
446 801 582 837 adorta.
607 799 763 834 Primum
781 797 819 832 in
839 796 952 831 filium
966 821 978 841 ‚
999 796 1044 830 de
1057 807 1133 838 quo

143 848 427 887 commemoravi
453 846 559 889 supra
578 870 590 890 ,
633 843 800 878 saevitiam
827 840 923 876 suam
953 841 1131 875 exercuit.

142 894 240 932 Nam
272 903 379 938 quum
408 901 559 926 uxorem
580 887 800 931 reduxisset,
836 896 914 929 quae
935 885 996 918 alii
1015 885 1133 920 fuerat

144 939 275 976 tradita
291 964 304 983 ‚
329 936 515 979 filiumque
534 933 651 968 vellet
668 941 839 967 revocare
859 929 903 964 ad
922 928 1093 964 virtutem
1115 940 1135 964 a

145 983 290 1029 perdita
308 981 473 1024 luxuria,
493 977 637 1021 accepit
655 975 888 1022 graviffimum
908 983 1035 1016 parens
1055 973 1134 1007 vul-

145 1039 214 1064 nus
244 1035 366 1062 morte
395 1024 464 1060 filii
485 1035 493 1044 ·
530 1021 664 1057 deinde
683 1030 762 1056 orta
782 1018 947 1053 diffenfio
966 1015 1018 1052 est
1037 1017 1134 1052 inter

146 1084 230 1108 eum
258 1069 296 1107 ἅ
326 1067 587 1105 Heraclidem:
623 1065 685 1108 qui
715 1062 862 1108 quidem
891 1062 1133 1106 principatum

147 1129 224 1153 nou
246 1113 480 1157 concedens,
505 1111 701 1146 faetionem
723 1107 955 1151 comparavit.
998 1105 1131 1148 Neque

145 1162 177 1197 is
205 1161 324 1196 minus
343 1158 485 1193 valebat
501 1154 596 1198 apud
615 1154 806 1198 optimates
826 1164 839 1196 ς
873 1161 1023 1194 quorum
1042 1161 1132 1185 con-

144 1204 251 1242 sensu
270 1211 419 1247 praeerat
439 1200 530 1237 claffi
597 1210 703 1242 quum
725 1197 829 1232 Dion
847 1195 1046 1232 exercitum
1067 1205 1133 1237 pe-

147 1249 302 1285 destrem
331 1254 486 1282 teneret.
542 1224 634 1279 Non
663 1243 751 1277 tulit
777 1243 848 1276 hoe
875 1241 997 1275 animo
1027 1249 1132 1281 aequo

146 1294 253 1331 Dion
265 1319 277 1337 ‚
291 1289 327 1327 ἃ.
348 1290 487 1325 versum
504 1289 605 1324 illum
627 1286 778 1321 Homeri
797 1285 922 1320 retulit
940 1295 987 1318 ex
1005 1283 1133 1318 secun-

147 1338 192 1373 da
211 1335 419 1380 rhapspdia,
433 1335 469 1368 in
489 1344 561 1376 quo
582 1333 656 1366 haec
676 1330 856 1365 sententia
875 1327 1034 1363 estzNon
1075 1331 1135 1370 offe

146 1389 220 1418 bene
246 1386 318 1428 geri
346 1382 504 1430 rem-publ.
532 1381 706 1412 multorum
733 1380 888 1420 imperiis.
947 1338 1133 1420 Qllocfdi-

147 1429 243 1465 etum
262 1434 387 1467 magna
405 1422 540 1458 invidia
560 1419 755 1455 consecuta
775 1417 838 1453 est.
864 1416 1030 1458 Namque
1049 1427 1134 1459 ape-

148 1470 251 1506 ruisse
271 1469 461 1503 videbatur
480 1492 492 1512 ,
529 1465 565 1499 se
585 1464 705 1500 omnia
723 1463 759 1497 in
781 1462 840 1497 sua
859 1459 1039 1505 potestate
1061 1459 1132 1495 effe

147 1515 259 1550 velle.
286 1513 391 1548 Hauc
412 1512 476 1546 illc
497 1521 573 1545 non
593 1509 707 1543 lenire
729 1506 926 1550 obsequio,
954 1503 1017 1541 sed
1036 1514 1133 1539 acer-

145 1559 259 1594 bitate
280 1557 486 1601 opprimere
506 1552 661 1597 studuit,
684 1550 1134 1593 He1·ac1idemque‚quum

146 1602 331 1650 Syracusas
352 1600 528 1642 venisset,
554 1595 848 1634 interficiendum
868 1594 1022 1630 curavit.

459 1640 472 1653 ⁴
489 1643 520 1678 C
546 1654 570 1677 Λ
596 1652 632 1676 P.
681 1639 783 1675 V11.

233 1689 309 1728 uod
337 1690 466 1724 saelum
495 1686 661 1723 omnibus
681 1683 871 1718 maximum
890 1682 1055 1717 timorem
1076 1682 1130 1716 in-

233 1735 334 1779 jecit.
383 1743 490 1768 nemo
519 1731 614 1766 enim
643 1729 713 1763 illo
743 1727 938 1763 interfeeto
958 1727 994 1761 se
1015 1735 1132 1762 tutum

149 1782 309 1827 putabat.
345 1777 412 1812 Ille
434 1786 574 1819 autem,
601 1772 799 1808 adversan'o
818 1780 987 1816 remoto,
1014 1771 1129 1805 licen-

149 1827 223 1861 tius
243 1834 367 1860 eorum
384 1823 480 1856 bona
499 1846 511 1861 .‚
551 1829 640 1861 quos
661 1817 792 1852 sciebat
811 1815 975 1851 adversus
996 1815 1032 1849 se
1052 1814 1132 1849 sen-

149 1869 226 1907 fiss'e
238 1896 250 1914 ,
263 1866 438 1903 militibus
460 1862 677 1907 dispertivit.
705 1861 845 1909 Quibus
866 1858 988 1894 divifis
999 1885 1010 1903 ,
1023 1869 1131 1901 quum

151 1911 356 1958 quotidiani
377 1909 521 1944 maximi
541 1907 672 1942 fierent
689 1905 821 1940 sumtus
833 1931 845 1949 ,
879 1904 1050 1939 celeriter
1067 1913 1131 1945 pe-

149 1958 258 1993 cunia
277 1955 397 1990 deesse
418 1953 526 1997 coepit
547 1964 556 1986 :
591 1961 708 1993 neque
729 1961 802 1992 quo
821 1959 944 1983 manus
964 1947 1132 1991 porrige-

150 2011 229 2045 ret,
255 1999 489 2042 suppetebat,
516 1995 581 2030 nisi
603 1995 794 2031 amicorum
815 1991 1060 2036 possessiones.
1088 1989 1132 2025 Id

150 2044 358 2089 hujusmodi
380 2053 453 2077 erat
474 2068 486 2086 ‚
520 2050 583 2085 ut,
620 2051 724 2082 quum
746 2038 880 2072 milites
901 2034 1130 2070 reconcilias-

150 2090 208 2127 set
225 2115 239 2138 ,
269 2088 450 2125 amitteret
469 2084 676 2133 optimates.
734 2082 892 2132 Quarum
910 2090 1028 2117 renim
1036 2089 1133 2159 fcura

1055 2134 1134 2161 ran-
