1170 2248
268 33 767 78 XIV-Davanam
973 40 1017 81 65

35 85 119 120 tuit.
144 91 164 118 a
182 92 248 126 qua
264 92 303 117 re
321 77 516 126 depulsus,
528 92 609 116 cum
626 91 667 116 ea
677 91 801 126 manu,
814 88 917 131 quam
926 89 1017 116 0011-

31 135 208 171 traxerat,
234 127 361 161 locum
379 125 518 171 delegit
534 127 663 169 talem,
689 134 730 160 ut
748 136 867 168 neque
886 125 1018 160 0110111-

30 181 132 207 retur
147 171 188 205 ab
208 169 372 206 hostibus
384 195 396 215 ‚
423 180 542 213 neque
561 169 762 214 praeteriret
781 168 1014 213 adversarius,

33 215 119 258 quin
137 214 358 257 ancipitibus
377 215 469 249 lociS
488 222 734 258 premeretur:
761 211 799 248 ἃς
825 211 850 247 fi
869 212 1020 262 dimica-

32 269 72 294 re
94 269 174 293 cum
193 269 240 294 eo
259 259 396 303 vellet,
418 269 493 293 non
512 259 663 293 multum
681 256 801 293 obess'e
820 255 1018 293 multitudo

30 301 191 340 hostium
205 302 284 338 ·suae
300 302 474 348 paucitati
491 303 624 346 posset.

376 346 408 382 C
432 359 456 382 A
483 349 522 382 1³.v
568 346 671 382 vm.

35 390 170 462 Haec
189 390 252 427 etfi
271 389 562 435 Autophradates
580 391 746 437 videbat,
766 399 882 427 tamen
901 389 1021 427 statuit

129 436 326 481 congredi,
339 447 442 479 quam
461 446 540 470 cum
560 436 666 471 tantis
684 437 803 479 copiis
828 436 1018 479 refu‘rere,

36 491 97 516 aut
115 490 185 516 tam
206 481 267 516 diu
286 491 360 514 uno
378 480 465 514 1000
483 479 622 514 sedere.
673 479 839 515 Habebat
856 482 916 514 bar
941 491 1021 515 aro-

35 536 114 560 rum
141 525 302 567 equitum
327 523 481 569 viginti,
516 523 681 567 peditum
708 534 853 559 centum
879 523 1019 568 millia,

38 580 130 612 quos
150 569 205 604 illi
226 567 401 603 Cardacas
425 579 443 602 a
472 569 632 612 pellant,
657 568 890 612 ejusdemque
909 578 1023 613 gene-

37 613 88 648 ris
107 612 173 647 IiI.
192 612 429 647 funditorum.
478 621 624 646 raeterea
643 611 899 655 Cappadocum
918 613 1020 656 0610,

38 656 294 691 Armeniorum
320 655 445 690 decem
474 681 486 700 ,
529 655 800 700 Paphlagonum
826 656 988 699 quinque
1008 680 1022 700 ,

37 700 215 745 Phrygum
247 698 374 734 decem
395 725 407 744 ,
443 698 627 745 Lydorum
652 699 811 743 quinque
830 726 842 746 ,
878 699 1024 744 Aspen-

38 744 185 779 diorum
220 740 257 778 &
301 742 495 778 Pifidarum
531 743 680 780 circiter
712 745 778 778 tria
795 769 807 788 ,
863 743 1024 779 Cilicum

37 787 137 832 duo,
173 786 431 831 Captianorum
450 787 626 833 totidem,
657 799 702 824 cx
722 788 864 824 Graecia
883 787 1023 824 condu-

38 835 178 868 ctorum
205 832 271 866 tria
296 831 445 878 [millia]
465 843 474 866 ε
508 832 600 867 levis
627 842 806 867 armaturae
831 834 1025 868 maximum

39 885 239 922 numerum.
269 875 343 910 Has
362 875 528 910 adversus
553 877 678 920 copias
699 876 778 920 spes
799 877 915 912 omnis
934 888 1024 912 0011-

37 919 182 956 fistebat
192 919 334 955 Datami
352 920 390 955 in
408 919 444 954 se
462 920 610 963 locique
631 930 774 965 natura,
799 933 948 965 namque
958 922 1025 955 hu-

38 965 95 1008 jus
114 974 249 1008 partem
269 976 345 1000 non
366 965 518 999 habebat
528 963 910 1002 vicefimammilitum.
931 965 1026 1014 Qui-

42 1009 109 1044 bus
126 1008 240 1043 sretus
258 1008 449 1053 conflixit,
462 1008 814 1052 adversariorumque
824 1011 934 1044 multa
943 1010 1024 1044 mil-

38 1053 88 1088 1ia
115 1051 300 1096 concidit,
327 1063 434 1096 quum
462 1052 507 1087 de
535 1052 643 1096 ipsius
670 1054 836 1089 exercitu
861 1065 936 1088 non
955 1065 1026 1088 am-

39 1097 137 1140 plius
157 1097 341 1131 hominum
360 1097 460 1131 mille
480 1096 678 1132 cecidisset.
729 1098 842 1145 Quam
863 1098 910 1133 ob
930 1097 1029 1132 caus-

44 1140 114 1175 sam
133 1139 281 1183 postero
301 1140 361 1176 die
378 1149 552 1184 tropaeum
577 1141 721 1186 posuit,
749 1153 821 1184 quo
847 1142 935 1178 1000
954 1142 1028 1185 pri-

42 1183 104 1219 die
124 1194 318 1229 pugnatum
337 1194 422 1220 erat.
473 1184 571 1219 Hinc
590 1196 696 1228 quum
715 1185 825 1221 castra
843 1185 1025 1232 movisset,

40 1228 258 1272 semperque
284 1229 437 1265 inferior
466 1228 583 1272 copiis
603 1254 616 1273 ,
658 1228 824 1273 superior
856 1230 1027 1266 omnibus

41 1272 176 1316 praeliis
195 1273 402 1308 discederet
420 1285 429 1307 1
463 1272 562 1315 quod
584 1284 762 1316 nunquam
780 1285 919 1309 manum
939 1285 1028 1310 con—

41 1317 199 1361 sereret,
227 1315 290 1351 nifi
309 1328 417 1360 quum
435 1317 653 1352 adversarios
673 1320 836 1353 locorum
856 1317 1029 1364 angustiis

40 1360 216 1398 ,claufiffet
234 1372 246 1403 ς
280 1361 378 1405 quod
395 1363 515 1404 petito
535 1372 580 1402 re,
601 1362 723 1396 ionum
743 1362 946 1406 callideque
966 1373 1031 1398 co·

39 1404 174 1483 gitanti
200 1404 291 1448 stepe
317 1405 532 1440 accidebat:
565 1372 882 1451 {titophradateffi
918 1418 1029 1451 quum

71 1449 180 1482 ellum
208 1448 291 1484 duci
317 1450 452 1492 majore
479 1449 571 1496 regis
598 1451 820 1496 calamitate,
848 1462 949 1493 quam
968 1451 1029 1486 ad-

43 1493 282 1528 versariorum
301 1517 313 1538 ‚
346 1493 491 1528 videret
509 1519 522 1539 ,
559 1494 603 1530 ad
623 1505 746 1538 pacem
764 1495 1028 1538 amicitiamque

44 1536 206 1571 hortatus
236 1535 287 1571 est
352 1546 392 1572 ut
419 1547 499 1572 cum
528 1549 611 1582 rege
638 1539 674 1572 in
703 1539 849 1582 gratiam
878 1539 1027 1574 rediret.

48 1579 165 1627 Quam
184 1581 248 1615 ille
261 1561 323 1616 etsi
333 1580 438 1616 fidam
452 1593 525 1617 non
538 1581 617 1617 so‘re
629 1583 776 1625 putabat
786 1608 797 1627 ,
810 1592 927 1617 tamen
940 1595 1030 1619 con-

46 1624 225 1659 ditionem
245 1626 409 1670 accepit,
444 1626 551 1669 seque
570 1626 613 1662 ad
630 1626 869 1662 Artaxerxem
890 1628 1031 1672 legatos

47 1668 226 1703 missurum
247 1669 356 1705 dixit.
397 1670 456 1706 Sic
474 1670 632 1715 bellum,
659 1670 759 1714 quod
779 1682 843 1706 rex
862 1671 1029 1706 adversus

46 1710 225 1748 Datamen
244 1713 651 1759 susceperat,sedatum.
677 1714 972 1759 Autophradates
993 1715 1032 1752 iu

50 1755 237 1802 Phrygiam
254 1757 291 1793 se
309 1758 463 1801 recepit.

406 1801 436 1837 C
461 1814 485 1838 A
510 1814 545 1839 P.
594 1802 671 1840 IX.

51 1848 110 1912 A
131 1852 145 1878 t
162 1854 249 1888 rex,
283 1845 384 1888 quod
400 1847 627 1890 implacabile
645 1846 769 1883 odium
790 1848 826 1883 in
846 1846 1032 1884 Datamem

129 1888 352 1938 susceperat,
365 1889 547 1933 postquam
566 1891 671 1926 bello
689 1903 769 1926 eum
790 1892 946 1936 opprimi
958 1903 1034 1928 non

51 1933 153 1978 posse
179 1932 450 1979 animadvertit,
483 1933 624 1970 insidiis
651 1935 855 1970 interficere
880 1934 1031 1971 studuit.

51 1988 150 2020 quasv
167 1976 229 2011 ille
250 1977 437 2020 plerasque
457 1977 595 2013 vitavit.
642 1979 743 2014 Sicut
760 1991 866 2022 quum
886 1980 1034 2015 nuncia-

24 2066 27 2073 ,
52 2029 130 2062 tum
147 2020 256 2068 essct,
291 2021 460 2067 quosdam
478 2020 738 2104 fibhinfidiari,
764 2024 825 2071 qui
843 2024 882 2064 in
901 2024 1034 2063 amico-

793 2081 802 2090 “
956 2077 1035 2106 Sui!
