1170 2248
0 0 3 3 .
15 0 53 23 Ὦ,
88 0 121 20 §¹

248 48 752 88 .Fnaanzznra.·
953 61 1019 97 περ

30 96 103 133 lius
129 92 261 139 Nepos
300 96 474 139 opinatur
492 121 504 141 ‚
551 96 710 132 scribere
738 93 921 133 historiam
957 108 1019 133 or-

30 141 112 221 gis,
137 151 214 176 nou
239 138 305 176 nifi
334 140 376 176 ab
395 139 640 178 honestissimo
662 152 810 186 quoque
828 141 939 177 scribi
956 141 1015 179 so-

63 193 142 220 tam.

78 227 276 264 Cornelius
303 227 435 273 Nepos
464 229 502 266 in
529 229 660 267 libello
681 256 695 276 ‚
729 241 801 275 quo
829 228 936 266 distin
990 230 1021 267 't

26 270 228 309 litteratum
255 274 296 308 ab
326 273 470 310 erudito
489 301 502 319 ,
536 275 716 311 litteratos
736 275 849 321 vulgo
869 276 930 319 qui
960 286 1020 311 em.

28 317 205 360 appellari
225 318 275 353 ait
295 329 382 362 eos,
408 318 469 362 qui
488 318 625 362 aliquid
643 319 842 366 diligenter
859 318 897 357 ἃ,
910 329 1018 356 acute

25 360 258 405 scienterque
286 363 420 405 poffint
445 372 506 398 aut
523 363 647 398 dicere
669 374 729 399 aut
746 365 924 400 scribere:
952 374 1018 398 ce-

29 413 146 442 terum
172 406 323 450 proprie
351 405 400 442 fic
425 407 663 451 appellandos
691 411 883 451 poetarum
904 409 1019 445 inter—

29 465 175 501 pretes,
207 457 267 500 qui
286 468 304 492 a
325 457 460 537 Ggecis
484 452 744 539 γραμῇκτικοὶ
765 460 1014 497 nominentur.

412 514 439 538 A
463 514 498 538 P.
552 505 578 538 V
638 529 647 539 .

27 542 195 612 Praeter
219 544 388 591 Physicos
407 573 420 592 ,
456 546 751 594 Homerumque,
789 550 851 593 qui
869 549 1016 585 univer-

112 588 186 624 sum
206 591 332 625 orbem
351 591 436 626 mari
457 592 708 628 circumfusum
727 593 798 628 esse
818 594 1014 639 dixerunt,

30 629 228 668 Cornelius
246 633 402 678 Nepos,
428 644 468 669 ut
487 636 694 682 recentior,
721 637 770 671 ita
797 638 1016 673 auetoritate

27 677 168 712 certior
190 678 316 723 [tradit
326 680 355 724 z]
380 677 526 714 Testem
543 688 661 715 autem
679 681 732 715 rei
752 681 801 729 Q.
814 682 1018 717 Metellum

28 718 198 756 Celerem
225 721 350 765 adJ'icit
367 746 379 765 ,
419 734 575 767 eumque
601 724 651 760 ita
677 724 836 762 retulisse
856 737 1017 761 comme·

25 774 154 800 morat.
243 777 327 802 uum
357 767 489 803 Galliis
517 768 719 812 proconsul
745 770 929 815 praeess'et,
955 771 1018 806 In·-

24 807 95 844 dos
122 810 218 852 quos
240 822 292 846 ain
321 822 340 846 a
366 823 453 857 rege
474 811 660 848 Baetorum
680 812 782 850 dono
801 813 866 850 fibi
885 814 1013 852 datos:

25 851 125 888 unde
148 854 183 888 in
205 866 263 890 eas
283 864 392 890 terras
415 855 664 901 deveniffent,
691 858 1016 903 requii·endo,co-

24 896 212 943 gnoviss'e,
237 898 274 933 vi
301 898 549 941 tempestatum
577 911 623 935 ex
651 901 789 937 Indicis
808 904 1015 945 aequoribus

0 964 1 976 1
24 941 194 984 abreptos
215 967 227 985 ,
264 944 501 987 emensosque
522 970 534 989 ,
572 954 647 987 quae
674 946 872 982 intererant
891 973 904 992 ,
937 957 1016 983 tan-

25 984 108 1063 dcfli
129 986 388 1065 in‘Gcelrmaniae
408 988 534 1024 littora
552 989 693 1026 exiisse.
720 995 815 1026 ltIela
837 1003 871 1037 3,
893 1002 927 1036 5.

108 1041 147 1064 ar
172 1040 222 1065 itu
253 1043 289 1067 o.

47 1041 225 1110 Eudogxus
245 1075 386 1119 quidam
397 1088 543 1114 avorum
556 1077 760 1116 nostrorum
772 1081 1012 1128 temporibus,

23 1125 134 1161 quum
163 1118 354 1156 Lathururn
381 1133 501 1168 regem
520 1121 752 1160 Alexandriae
773 1126 1012 1171 profugeret,

23 1161 187 1199 Arabico
207 1163 283 1199 ssnu
296 1166 449 1211 egress'us
459 1193 471 1212 ,
484 1169 629 1211 perhoc
641 1171 788 1214 pelagus
800 1196 812 1213 ,
825 1179 864 1205 ut
875 1169 1011 1214 Nepos

25 1207 207 1253 adfirmat,
236 1208 357 1245 Gades
378 1211 490 1254 usque
509 1216 698 1255 peri-‘cetus
720 1212 782 1249 est.
796 1219 937 1259 Melag,
950 1226 986 1259 9.

71 1251 312 1298 Paphlagonia
331 1254 478 1300 insignis
498 1256 585 1291 loco
606 1256 783 1303 Heneto,
810 1270 829 1293 a
847 1270 942 1304 quo,
971 1268 1012 1295 ut:

19 1293 221 1333 Cornelius
241 1297 375 1342 Nepos
393 1300 585 1345 perhibet,
610 1300 860 1348 Paphlagones
882 1304 918 1338 in
939 1304 1010 1339 Ita·

22 1339 107 1376 liam
128 1344 338 1387 transvecti,
365 1355 452 1379 mox
471 1344 608 1380 Veneti
626 1345 708 1381 sunt
731 1347 922 1383 nominati.

22 1412 50 1435 ·.
71 1383 208 1421 Fauces
236 1387 376 1423 Oceani
404 1387 450 1424 T.
482 1387 628 1434 Livius,
654 1402 694 1425 ac
714 1390 846 1434 Nepos
867 1392 1010 1429 Corne-

22 1426 93 1465 hus
113 1430 313 1466 latitudinis
334 1431 582 1478 tradiderunt,
609 1435 672 1469 ubi
703 1435 911 1481 minimum,
940 1437 1011 1472 VII

22 1471 186 1552 {213Ipafl2
206 1475 267 1510 ubi
285 1487 373 1512 vero
392 1477 597 1523 plurimum,
610 1478 704 1516 XM.
717 1485 805 1516 Plin.
820 1492 852 1525 3.
866 1492 1005 1528 procem.

23 1529 36 1552 t
60 1531 85 1552 ιι
99 1542 108 1551 .
129 1530 163 1562 3,
178 1530 231 1562 17.

68 1561 240 1606 Melpum
270 1565 459 1606 opulentia
489 1569 733 1613 praecipuum,
761 1568 859 1612 quod
888 1570 930 1605 ab
951 1569 1011 1604 In-

19 1603 207 1651 subribus,
234 1605 270 1642 &
292 1609 416 1654 Bojis,
443 1607 479 1645 &
498 1612 703 1648 Senonibus
726 1612 886 1648 deletum
898 1613 949 1648 est·
962 1626 1010 1650 eo

24 1648 109 1701 die,
143 1662 215 1694 quo
237 1651 410 1690 Camillus
431 1656 545 1699 Vejos
567 1658 729 1703 ceperit,
762 1656 894 1703 Nepos
915 1658 1012 1695 Cor·-

24 1694 144 1730 nehus
165 1696 325 1732 tradidit.
351 1703 440 1735 Plin.
462 1711 496 1743 3,
521 1712 575 1744 17.

67 1738 173 1774 Ultra
199 1739 407 1785 Aquileiam
436 1744 546 1781 VIM.
577 1746 660 1788 pass.
691 1746 841 1783 Formio
869 1748 1008 1791 amnis,

20 1781 64 1817 ab
83 1781 258 1820 Ravenna
276 1785 522 1824 CLXXXIX.
542 1790 626 1834 pass'.
648 1791 816 1835 antiquus
829 1792 939 1827 Italia:
949 1803 1009 1826 au-

21 1827 99 1877 ctus
120 1829 314 1874 terminus,
342 1843 438 1866 nunc
462 1844 550 1869 vero
571 1834 682 1870 Istriae
705 1848 713 1870 :
748 1847 848 1878 quam
869 1847 1009 1880 cogno-

21 1880 188 1907 minatam
215 1884 235 1908 a
260 1874 409 1910 flumine
436 1875 526 1913 Istro
555 1878 592 1913 in
619 1877 766 1914 Adi-iam
787 1879 957 1914 effluente
987 1891 1008 1915 a

21 1913 196 1952 Danubio
216 1928 338 1964 amne,
366 1919 556 1964 eidemque
577 1921 667 1957 Istro
688 1934 733 1958 ex
754 1923 905 1959 adverso
919 1923 1009 1960 Padi

21 1957 166 2004 fauces,
187 1964 371 1998 contrario
393 1974 517 2000 eorum
537 1967 703 2007 percussu
715 1968 1009 2031 mai-iintcijec‘to

21 2001 254 2041 dulcescente
274 2033 287 2052 ,
322 2007 487 2052 plerique
517 2010 644 2046 dixere
672 2012 785 2056 falso,
810 2010 847 2048 δε
873 2012 1008 2056 nepos

23 2045 260 2099 [Cornelius]
281 2052 388 2091 etiam
400 2052 645 2136 Padilaccola.
656 2061 745 2095 l’lm.
759 2068 794 2104 3.
806 2061 854 2095 Ν.
866 2061 911 2139 ΕΙ.
928 2059 982 2092 18.

30 2107 61 2128 2)
922 2113 946 2139 A
973 2111 1009 2140 Β·
